5216 6270
648 579 691 652 56
869 563 1202 640 ΑΒΕΧᾸΝΟΒΙ
1251 565 1465 636 CAROLI
1509 566 1821 638 GUILIELMI
1864 565 2136 644 SUERMAN

655 763 727 829 lum
752 777 834 826 esse.
881 745 1054 840 Capillum
1070 770 1152 836 ergo
1175 747 1276 835 longe
1298 745 1461 816 beiaenae
1485 751 1722 839 praeferimus.
1764 751 1858 820 Male
1882 770 1995 819 summ
2015 753 2113 824 illum
2131 756 2289 831 defendit
2307 771 2350 838 de

660 865 839 940 Senserit-e
862 859 1011 928 absurdi
1037 855 1204 950 graduum
1227 860 1548 950 supersuturntionis
1577 865 1765 954 positione,
1787 863 1874 932 mele
1894 865 1987 934 hene
2021 867 2065 936 de
2087 871 2168 944 Luc
2194 875 2351 951 humidi.

662 978 737 1049 tatis
761 973 982 1045 definitiones
1007 990 1154 1066 uterque
1175 973 1284 1042 nimio
1307 997 1422 1044 amore
1446 975 1713 1044 instrumentum
1734 1001 1831 1048 suum
1853 977 2040 1070 amplexus.

1447 1175 1479 1258 ς.
1521 1173 1577 1244 56·

1048 1363 1284 1454 Dt'judt'eott'o
1304 1363 1631 1453 experimentorum
1656 1368 1707 1436 CI.
1732 1367 1951 1444 Lambert.

700 1565 775 1631 Jam
794 1575 922 1642 restet,
939 1573 979 1624 ut
1001 1555 1195 1634 videamus.
1215 1557 1301 1650 qnid
1333 1560 1545 1627 censendum
1566 1560 1611 1627 sit
1630 1561 1676 1630 de
1696 1568 1960 1658 experimentis,
1986 1576 2111 1664 quibus
2143 1601 2184 1646 er
2215 1581 2346 1672 hygre-

655 1694 766 1746 metro
789 1669 1021 1740 atmometriee
1041 1671 1320 1746 ¹instrumentum
1354 1673 1526 1741 conficere
1550 1689 1730 1745 tentarunt
1753 1679 1907 1774 physici3
1940 1685 1977 1751 in
2006 1711 2073 1777 qua
2101 1691 2352 1775 dijudicationa

623 1844 628 1854 .
657 1789 763 1880 ipsius
789 1787 891 1872 hujus
919 1781 1098 1849 doetrinae
1125 1782 1353 1851 evolutionem
1373 1809 1434 1876 per
1457 1789 1522 1853 tria
1541 1811 1598 1854 sua
1624 1785 1733 1856 stedia
1753 1814 2021 1884 prosequemur,
2045 1803 2170 1890 quibus
2191 1806 2264 1873 scil.
2284 1831 2347 1875 va·

656 1905 751 2000 poris
771 1895 941 1992 quantitas
958 1895 1110 1983 primum
1129 1917 1193 1982 per
1216 1921 1323 1985 aquae
1341 1897 1519 1976 volumen.
1545 1901 1634 2007 dein!
1650 1925 1714 1992 per
1732 1907 1807 1990 ejus
1830 1907 1989 1999 pondus,
2005 1911 2144 1980 tendem
2160 1940 2225 2005 per
2244 1921 2349 2008 ipsius

656 2017 790 2112 vaporis
816 2008 1020 2078 densitatem
1042 2004 1094 2072 vei
1116 2003 1351 2076 elastieitetem
1371 2013 1439 2076 suit
1461 2010 1708 2082 determinate..

701 2127 945 2220 Experimento
974 2117 1027 2187 cl.
1051 2117 1228 2186 Lambere
1255 2121 1313 2184 vix
1336 2119 1526 2186 ullamnisi
1552 2123 1751 2196 historicam
1783 2130 1920 2200 leudem
1946 2155 2145 2223 merentur,
2169 2143 2250 2234 quie
2277 2144 2351 2213 seii·

654 2241 765 2336 prime
790 2239 893 2324 hujus
919 2231 1052 2320 generis
1077 2229 1233 2298 fuerunt.
1277 2231 1397 2322 Neque
1428 2233 1519 2300 enim
1549 2253 1632 2302 sunt
1658 2257 1794 2326 eraota,
1821 2269 1934 2336 neque
1964 2254 2171 2319 conveniunt
2200 2255 2346 2348 proble-

655 2355 738 2422 mati
763 2367 881 2419 nostro
900 2343 1079 2414 solvendo.
1123 2345 1173 2412 Ee
1193 2361 1311 2411 erecta
1333 2367 1405 2412 esse
1429 2367 1496 2410 nou
1519 2367 1640 2434 posse,
1665 2352 1759 2442 ipsa,
1782 2381 1848 2443 qua
1868 2359 2025 2428 instituta
2047 2381 2149 2446 sunt,
2172 2369 2261 2434 ratio
2279 2367 2349 2436 (10.

653 2485 717 2538 cet.
763 2461 864 2532 Nulla
891 2459 985 2526 enim
1009 2455 1193 2526 methodus
1217 2454 1471 2524 determinandi
1502 2480 1668 2546 vaporum
1694 2469 1921 2555 quantitatem
1949 2471 2008 2538 iiia
2035 2474 2157 2542 rudior
2181 2496 2251 2560 est,
2280 2505 2349 2570 qua

650 2578 797 2648 efficitur
821 2596 864 2640 ex
894 2595 1022 2662 aqnee,
1054 2567 1146 2638 unde
1176 2591 1391 2664 provenere,
1421 2567 1606 2641 volumine.
1652 2574 1821 2659 Accedit,
1843 2580 1961 2668 quod,
1983 2584 2035 2649 uti
2060 2587 2134 2674 ipse
2167 2589 2347 2660 Lambere

653 2703 818 2770 testetur,
850 2706 931 2772 pars
952 2686 1089 2774 vaporis
1114 2705 1335 2774 nequaquem
1361 2681 1564 2770 negligenda
1592 2685 1636 2752 ad
1667 2688 1751 2754 vasis
1780 2691 1927 2776 parietes
1952 2715 1988 2761 se
2018 2699 2248 2786 praecipitare
2275 2703 2343 2772 de·

650 2801 782 2876 buerit.
808 2797 967 2888 inprimis
989 2800 1032 2864 ob
1055 2821 1181 2888 aquam
1201 2819 1265 2889 per
1286 2796 1418 2888 aliquot
1436 2794 1515 2864 dies
1537 2797 1648 2866 libere
1669 2801 1741 2865 neri
1762 2803 1965 2892 expositurus
2010 2825 2013 2832 ·

693 2913 835 2986 Etiamsi
852 2935 934 2978 vero
957 2912 1101 2980 fuissent
1124 2933 1229 3004 quem
1247 2907 1479 2990 exactissima,
1500 2933 1572 2976 non
1596 2911 1828 2992 suffecissent,
1853 2930 1893 2980 ut
1917 2939 1980 3003 per
2001 2941 2042 3012 ea
2063 2941 2104 2985 ex
2133 2921 2341 3012 hygrometri

653 3026 866 3097 indicatione
892 3023 1105 3094 derivaretur
1130 3022 1265 3116 vaporis
1289 3024 1472 3112 quantitas.
1517 3025 1639 3114 Neque
1660 3025 1751 3092 euius
1772 3041 2024 3117 temperaturae
2047 3032 2137 3098 ratio
2160 3053 2211 3102 est
2238 3037 2342 3104 habi-

654 3159 710 3226 ta,
733 3162 846 3230 neque
867 3139 973 3231 ipsius
991 3135 1202 3229 hygrometri
1225 3133 1366 3222 gredds.
1410 3136 1538 3201 Detinet
1558 3159 1682 3224 nempe
1699 3138 1737 3202 in
1752 3138 2006 3215 instrumento.
2028 3139 2082 3204 his
2104 3149 2347 3232 experimentis

652 3253 831 3346 adhibito,
860 3249 950 3319 sosia
976 3251 1066 3336 fixe,
1095 3271 1160 3317 nee
1186 3247 1253 3314 nisi
1277 3246 1493 3313 differentiae
1513 3246 1679 3332 graduum
1707 3247 1830 3314 eireuii
1856 3251 2122 3318 annotabantur.
2168 3257 2223 3322 Ad
2246 3284 2344 3327 sam.

651 3391 746 3436 mum
772 3389 872 3453 ergo,
895 3364 1063 3454 graduum
1082 3385 1264 3432 numerum
1285 3360 1515 3461 determinare
1546 3372 1730 3448 poterant,
1753 3385 1856 3448 quem
1881 3385 1943 3450 pro
1967 3362 2046 3429 dete
2071 3391 2179 3454 aquae
2199 3377 2343 3463 quami-

658 3497 724 3545 tate
755 3483 951 3570 percurrit,
975 3501 1153 3572 nontero
1184 3473 1352 3562 gradum,
1384 3493 1488 3561 quem
1512 3489 1608 3538 tenet
1638 3473 1915 3560 hygrometrnm,
1935 3474 1996 3542 ubi
2018 3485 2098 3545 aire
2119 3479 2347 3554 determinata

652 3591 787 3686 vaporis
814 3589 911 3680 copia
931 3589 976 3653 ud
998 3588 1260 3656 determinatam
1291 3601 1559 3673 temperaturum
1581 3583 1790 3652 continetur.

1437 3776 1572 3864 Mt·
1687 3833 1694 3854 .

883 3976 1121 4067 Dijttdt'oatio
1141 3981 1469 4068 experimentorum
1492 3971 1548 4040 ΙΙΙ,
1573 3967 1624 4038 de
1646 3968 1866 4040 Snussure
1887 3983 1924 4038 et
1946 3970 1999 4038 de
2023 3973 2123 4044 Luc.

686 4171 814 4252 ,Multo
831 4169 969 4252 majoris
991 4173 1094 4262 pretii
1120 4167 1284 4239 habenda
1306 4181 1387 4230 sunt
1415 4169 1650 4253 experimenta
1672 4165 1717 4232 de
1743 4167 1924 4233 Saussure
1945 4183 1980 4233 et
2004 4168 2047 4234 de
2069 4169 2172 4244 Luc,
2197 4175 2255 4260 qui
2279 4200 2348 4245 non

656 4286 827 4360 volumine
844 4277 905 4348 sed
928 4277 1083 4370 pondere
1102 4279 1237 4365 teporis
1259 4275 1484 4364 quantitatem
1504 4277 1739 4370 explorp'ru‘ht.
1781 4277 1840 4342 De
1867 4274 2069 4356 Snussnre,
2090 4303 2188 4349 verus
2211 4263 2349 4376 Hpgro.

659 4399 801 4471 metuite
824 4409 963 4470 auctor,
986 4392 1117 4472 vaporis
1135 4389 1172 4452 in
1194 4395 1274 4454 uere
1294 4381 1550 4465 clastieintem,
1574 4412 1639 4479 ope
1661 4385 1885 4468 manometri,
1911 4389 2042 4476 primus
2065 4413 2202 4460 mensus
2222 4415 2292 4478 est,
2314 4419 2350 4468 et

660 4507 779 4578 domuit
793 4507 946 4592 exiguum
968 4526 1076 4596 equae
1097 4497 1345 4594 quantitatem,
1369 4524 1456 4586 quse
1478 4509 1593 4567 aiirem
1616 4497 1718 4586 piune
1741 4515 1882 4578 saturat.
1928 4499 2104 4566 Praeterea
2130 4503 2251 4574 eaioris
2276 4509 2347 4598 hy·

660 4615 902 4707 grometrieem
932 4615 1102 4681 notionem
1126 4607 1267 4702 'primus
1294 4607 1418 4696 regulis
1444 4609 1605 4694 subjecit.
1650 4607 1702 4676 Ci·
1732 4613 1776 4680 de
1798 4612 1880 4679 Luc
1913 4611 2120 4678 antoniane
2154 4618 2348 4700 tribuatur,

564 4733 569 4742 '
662 4726 757 4825 quod
789 4725 999 4816 hygrometri
1023 4727 1112 4792 viam
1134 4726 1172 4790 in
1195 4743 1302 4790 vacuo
1329 4721 1459 4814 primus
1480 4722 1668 4789 aeourstius
1688 4721 1858 4792 docuerit.
1903 4723 1964 4788 Uti
1987 4747 2067 4791 vero
2084 4749 2187 4794 novae
2209 4728 2348 4797 doctri·

663 4865 728 4914 nee
745 4837 845 4904 initia
862 4839 976 4918 jecere
998 4836 1178 4922 utriusque
1203 4833 1460 4921 experimenta,
1484 4835 1531 4900 ita
1553 4833 1707 4922 periente
1732 4857 1812 4904 esset
1832 4857 1912 4907 nem
1932 4851 2130 4923 pomum,
2154 4869 2197 4894 .-
2217 4839 2350 4918 vide..

664 4978 738 5028 mus
759 4971 866 5038 ergo,
889 4943 975 5036 quid
998 4943 1042 5011 de
1065 4942 1206 5030 siugulis
1228 4969 1346 5012 eorum
1366 4945 1523 5036 pertibus
1544 4945 1588 5013 tit
1607 4945 1849 5033 judicandum.
1880 4997 1885 5008 .
1909 4987 1914 4998 ι
2248 5039 2284 5124 Q

2285 5059 2356 5106 uo-
