5216 6270
647 619 705 730 '20
879 645 1223 726 auerteret
1262 645 1479 718 otrout
1523 643 1836 718 orreretur
1880 639 2151 721 suerut'rt

1410 904 1577 950 mztt-

652 1065 690 1132 ῑ,
718 1084 749 1132 0,
782 1055 914 1156 pendat
943 1053 1070 1146 gradus
1091 1049 1206 1124 ‘sedeo
1237 1049 1400 1120 naturalis
1424 1077 1444 1120 a
1468 938 1604 1148 vaporais
1632 1019 1803 1121 densitate
1837 1065 1873 1122 et
1899 1063 2174 1142 atemperatura
2197 1052 2302 1144 (nam
2334 1061 2363 1130 d

665 1177 768 1266 bujur
794 1191 847 1245 est
866 1169 1037 1262 taneto).
1080 1168 1159 1238 Erit
1190 1167 1295 1258 igitur

1376 1327 1417 1347 ..
1437 1250 1492 1339 nd
1508 1329 1557 1347 ,,
1575 1251 1670 1338 ttFlt

1439 1305 1683 1396 --›

1332 1331 1358 1378 π
1376 1356 1417 1372 “
1437 1364 1481 1432 ηδ
1508 1357 1556 1376 ““
1599 1365 1642 1432 ηδ
2360 1448 2364 1460 .

663 1481 812 1574 ideoque
834 1479 877 1548 ad
899 1474 1324 1569 triplioemfunetionem,
1340 1473 1484 1562 gradum
1500 1471 1575 1542 soil.
1593 1470 1703 1540 soalae
1724 1469 1915 1540 artifieialis
1935 1499 1982 1560 μ,
2003 1487 2270 1566 temperaturam
2291 1486 2361 1542 tet

662 1597 798 1686 vaporis
821 1593 1023 1662 densitatem
1052 1594 1071 1663 δ
1096 1585 1346 1656 attendendum
1371 1587 1457 1673 erit,
1477 1601 1518 1654 ut
1541 1585 1737 1657 inveniatur
1756 1607 1803 1669 tre
1842 1607 1911 1674 quo
1941 1583 2033 1656 letto
2052 1587 2207 1676 poterit,
2228 1586 2359 1655 ratione

657 1710 813 1793 inversa,
834 1709 992 1794 cognosci
1020 1711 1099 1778 ber
1121 1703 1308 1772 observatis
1329 1730 1355 1787 μ
1377 1715 1413 1768 et
1436 1713 1464 1767 t.

699 1820 825 1886 Nostra
847 1841 929 1904 ergo
948 1813 1151 1896 methodus,
1171 1831 1210 1880 ut
1234 1813 1295 1880 fiat
1316 1815 1488 1908 praetiosa,
1511 1810 1746 1900 experimenta
1772 1809 1948 1902 postulat,
1975 1813 2099 1903 quibus
2119 1814 2167 1881 ita
2189 1813 2347 1882 illustre·

658 1949 715 2000 tur
735 1932 957 1998 instrumenti
986 1929 1178 2015 indicatio,
1199 1943 1238 1995 ut
1266 1950 1334 2020 pro
1359 1927 1453 1996 omui
1474 1925 1687 2016 hygrometm‘
1713 1941 1748 1996 et
1767 1927 2004 1999 thermometri
2023 1925 2136 2015 gradu
2162 1945 2353 2017 cognosco·v

657 2060 714 2110 tur
735 2045 871 2134 vaporis
895 2043 1077 2134 quantitas·

1436 2183 1471 2268 §.
1515 2181 1571 2250 ab

875 2383 937 2454 De
957 2385 1217 2474 experimentis
1238 2377 1292 2442 ad
1311 2369 1572 2440 illustrandam
1593 2365 1840 2456 Hygrometn'
1859 2374 2131 2448 indicationem.

692 2577 808 2646 paruit
831 2593 873 2642 εχ
896 2571 1208 2662 praecedentibus,
1230 2559 1443 2656 hygrometri
1461 2556 1606 2646 gradum
1625 2557 1785 2651 pendere
1806 2589 1827 2630 a
1847 2567 1985 2656 vaporis
2008 2567 2180 2641 densitate
2196 2587 2231 2642 et
2252 2591 2343 2644 tem-

647 2706 822 2783 peratura.
866 2686 958 2754 ilino
979 2706 1060 2772 ergo
1083 2683 1260 2776 sequitur,
1282 2677 1516 2772 experimenta
1543 2671 1696 2764 duplicis
1726 2678 1861 2765 generis
1890 2702 1963 2750 esse
1992 2681 2133 2755 debore.
2177 2683 2351 2756 stiterit

648 2798 905 2887 indagandumt
1951 2794 1955 2802 ¹

693 2940 725 2985 r·
749 2917 997 3003 Temperatura
1024 2911 1172 3004 quadum
1193 2911 1382 2994 constanti,
1413 2929 1582 2997 quaenam
1602 2905 1738 3002 vaporis
1764 2911 1973 3000 quantitates
1995 2909 2227 3007 respondeant
2249 2915 2351 2982 soriis

648 3029 860 3118 bygrometri
879 3024 1064 3112 gradibus,
1086 3053 1106 3094 a
1123 3027 1269 3094 maximo
1294 3024 1472 3096 densitatis
1500 3025 1651 3096 indeed
1685 3026 1876 3098 absolutam
1908 3045 2017 3121 usque
2045 3031 2245 3101 siceitatem.
2291 3033 2350 3101 sie

647 3142 753 3229 igitur
775 3141 864 3208 ratio
884 3141 1083 3219 obtinetur.
1107 3163 1173 3231 pro
1193 3154 1423 3231 temperatura
1448 3138 1597 3228 quadam
1625 3137 1872 3226 determinata,
1892 3139 1986 3208 inter
2007 3139 2133 3208 serlum
2155 3141 2345 3212 naturalem

647 3273 683 3323 et
712 3253 937 3324 artificialem.
981 3253 1033 3322 Ex
1064 3253 1253 3323 sufficiente
1277 3233 1347 3340 jaim
1379 3251 1655 3324 observationum
1686 3278 1851 3339 numero,
1882 3253 2159 3347 interpolationis
2193 3256 2345 3340 auxilio,

650 3366 768 3432 tabula
795 3351 949 3434 construi
969 3380 1085 3457 potest
1112 3385 1230 3435 earum
1254 3365 1485 3456 quantitatum
1503 3388 1571 3459 pro
1599 3369 1694 3440 omni
1718 3369 1930 3460 bygrometri
1958 3367 2090 3460 gradu,
2116 3384 2348 3461 temperatura

646 3483 719 3548 non
743 3493 884 3543 mutata·

692 3588 826 3680 Quodsi
850 3587 1028 3677 quaeritur
1049 3585 1095 3652 de
1115 3584 1290 3674 aptissima
1310 3583 1547 3672 interpolandi
1566 3587 1720 3670 ratione,
1741 3590 1881 3658 ridetur
1903 3597 2032 3680 optime
2054 3593 2114 3662 bio
2139 3593 2207 3663 loei
2229 3615 2351 3666 conve.

649 3707 727 3776 niro
763 3702 865 3772 talem
899 3699 1100 3789 empiricam
1126 3697 1442 3788 formulamque
1480 3697 1614 3766 nullum
1641 3696 1785 3789 reliquis
1814 3699 2015 3788 praeferens
2054 3705 2349 3788 experimentum,

648 3819 763 3890 omnia
794 3816 886 3884 inter
919 3837 992 3881 sese
1027 3809 1201 3880 combinat
1227 3815 1337 3882 etsie
1367 3827 1439 3878 tota
1464 3805 1630 3878 innititur
1657 3810 1969 3882 observationibus.
2021 3813 2206 3880 Recentior
2236 3831 2348 3886 antem

648 3930 794 4022 analysia
816 3925 1014 4016 hujusmodi
1038 3922 1253 4016 adminiculo
1283 3924 1475 4018 physicum,
1496 3923 1638 3995 donavit
1654 3947 1719 4016 per
1739 3922 1960 3999 methodum,
1986 3949 2073 4017 quae
2098 3925 2247 4012 dieitur,
2274 3931 2345 3997 mi-

648 4045 821 4112 nimorum
855 4039 1123 4131 quadratorum,
1158 4062 1248 4131 quae
1271 4056 1451 4130 praeterea
1475 4040 1521 4111 de
1544 4043 1621 4134 ipsa
1655 4041 1971 4138 experimentorum
1995 4035 2242 4130 probabilitate
2282 4064 2346 4111 nos
2402 4030 2407 4039 ’

652 4159 813 4227 certiores
834 4153 968 4224 reddit.

695 4271 749 4342 Sit
767 4269 876 4359 igitur
899 4286 967 4360 pro
989 4265 1160 4337 constanti
1178 4265 1328 4358 quadam
1352 4279 1585 4358 temperatura
1607 4284 1644 4358 t,
1666 4293 1815 4364 sequeus
1838 4269 2156 4361 experimentorum
2176 4271 2299 4344 suriest

648 4951 690 5021 'ar
716 4927 865 5042 qua'per
887 4945 1088 5024 methodum
1108 4947 1329 5022 minimorum
1358 4946 1605 5040 quadratorum
1634 4953 1780 5024 formula
1801 4951 1970 5044 generalis
1997 4951 2177 5024 efficienda
2203 4971 2267 5026 est·
2326 5049 2332 5058 Ι

692 5064 755 5130 Est
1388 5064 1406 5134 d
1426 5085 1472 5132 ..τ
1491 5065 1530 5132 F
1529 5066 1593 5155 (μ)

2138 5187 2143 5195 =
2262 5171 2351 5240 quas
