5216 6270
495 555 842 686 ''ursrousm
877 605 938 664 aa
968 591 1388 687 Quansrrouau
1422 592 1727 665 eurstcau.
1770 652 1773 662 .
1940 591 1984 674 aa

288 782 476 872 perfectio,
499 795 538 844 ut
557 772 647 844 nihil
678 779 783 845 tutius
808 778 1032 857 adhibeatur,
1055 758 1140 846 dum
1159 777 1300 870 insuper
1321 769 1445 847 limites
1470 795 1626 846 errorum
1651 771 1873 842 determinari
1891 793 1977 864 poa-

287 913 377 960 auut.
423 893 584 960 Attamen
606 892 745 980 quaevis
771 891 960 960 observatio
987 891 1259 979 experimentum
1280 891 1411 976 erigit,
1446 888 1540 982 qued
1571 909 1672 977 eaepa
1696 885 1876 954 mol'eetnm
1905 893 1980 965 eet,

286 1023 459 1096 nocetque
483 991 602 1086 mora,
624 1027 727 1093 quam
750 1003 864 1088 erigit.
909 1003 982 1070 Pro
1002 984 1151 1098 simplici
1168 1004 1405 1073 observatione
1430 1001 1689 1100 meteorologica
1708 1025 1790 1088 ergo
1807 998 1979 1090 praeseri·

285 1142 359 1185 mua
379 1133 581 1206 apparatum
603 1113 667 1182 cel.
693 1116 737 1182 de
759 1117 942 1182 Souaaure
963 1115 1018 1182 vel
1034 1119 1079 1184 de
1092 1117 1197 1200 Duc,
1217 1117 1331 1208 quiin
1351 1138 1478 1205 genere
1497 1116 1576 1183 satia
1602 1128 1795 1182 accuratam
1812 1110 1980 1180 exhibent

285 1229 554 1313 iudicationem
579 1223 705 1318 quodsi
732 1249 814 1295 vero
830 1225 920 1314 leges
941 1229 1113 1299 affinitatis
1140 1228 1404 1323 hygroscopicue
1434 1229 1699 1307 examinentur,
1730 1237 1765 1291 et
1796 1222 1978 1294 uictoriae

286 1341 379 1408 inter
400 1363 434 1408 te
458 1355 703 1431 comparentur
725 1339 960 1427 substantiae,
981 1343 1071 1410 nihil
1092 1343 1214 1415 meliua
1236 1345 1397 1414 convenit
1418 1357 1589 1433 apparatu
1606 1337 1779 1409 Retinet.

1065 1543 1099 1628 3·
1141 1543 1202 1615 55,

436 1731 672 1825 Dt'J'uda'mio
694 1733 964 1814 methodorum.
990 1758 1082 1822 quae
1103 1761 1147 1806 ex
1160 1738 1318 1824 praetia
1330 1735 1426 1826 fluia
1450 1737 1586 1804 aeolum
1607 1739 1832 1802 construunt.

328 1931 404 1999 Jam
425 1929 544 1998 ultima
563 1929 774 2020 hygrometri
796 1929 948 1997 conditio
966 1929 1192 1999 examinanda
1213 1947 1286 2008 est,
1311 1955 1380 2023 qua
1402 1929 1476 1997 scil.
1499 1930 1537 1998 in
1561 1927 1703 1996 diversis
1722 1939 1833 1989 terrae
1852 1917 1977 1984 tracti*-

286 2043 352 2110 bua
384 2043 624 2122 observatum,
654 2039 773 2105 eadem
804 2042 1015 2109 indicatione
1043 2031 1190 2110 eandem
1223 2067 1360 2131 aamper
1388 2041 1534 2110 definiat
1566 2037 1702 2129 vaporis
1734 2031 1977 2102 conditionem.

286 2154 406 2222 Talem
428 2143 756 2237 comparabilitatem
774 2150 865 2216 acula
887 2151 919 2217 ei
938 2149 1120 2230 conciliat,
1143 2157 1283 2238 punctis
1314 2155 1391 2219 fixis
1418 2157 1614 2235 instrucu,
1631 2173 1779 2241 quorum
1798 2167 1905 2236 quum
1923 2139 1978 2210 vel

283 2287 391 2330 unum
417 2262 521 2329 fuerit
546 2260 763 2338 adhibitum,
786 2259 840 2328 vel
862 2262 953 2344 duo,
977 2261 1020 2327 de
1045 2276 1190 2352 utraque
1218 2261 1383 2330 methodo
1402 2265 1577 2330 succincte
1600 2261 1784 2330 videamur.

327 2375 501 2444 Continuo
524 2389 634 2439 autem
664 2371 884 2458 reprobanda
911 2389 963 2438 est
986 2370 1190 2454 methodus,
1223 2397 1291 2464 qua
1315 2398 1379 2463 per
1405 2398 1513 2440 unum
1548 2389 1718 2463 punctum
1750 2370 1856 2436 fixum
1888 2367 1979 2434 acala

282 2487 542 2558 determinatur.
586 2483 665 2548 Non
691 2482 783 2546 euim
821 2483 1066 2566 atatueudum,
1083 2480 1197 2549 omnia
1228 2506 1377 2570 corpora·
1397 2486 1644 2572 bygroacopica
1668 2481 1823 2568 ejusdem
1849 2478 1978 2568 speciei

279 2603 329 2668 ita
355 2600 398 2666 ab
426 2597 520 2664 omni
545 2611 644 2686 parte
675 2595 882 2671 convenire,
911 2611 950 2660 ut
980 2593 1075 2660 nulla
1109 2594 1304 2662 differentia
1333 2597 1378 2662 sit
1409 2592 1617 2663 dilatationis
1646 2589 1831 2658 absolutae.
1886 2591 1977 2656 Hinc

282 2711 384 2778 ctiam
413 2709 559 2788 lactum,
594 2722 657 2786 ut,
692 2707 754 2794 qui
780 2703 882 2769 talem
907 2709 1116 2773 assumerent
1140 2705 1283 2790 scalam,
1315 2709 1389 2798 ipsa
1422 2705 1585 2775 suadente
1618 2705 1854 2793 experientia,
1878 2703 1976 2770 brevi

270 2801 354 2890 {eam
368 2842 506 2911 prorsus
523 2817 719 2890 mitterent,
734 2838 838 2907 seque
851 2815 894 2884 ad
909 2814 1051 2883 alteram
1071 2819 1272 2886 methodum
1292 2835 1559 2888 converterent·
1574 2816 1657 2885 scit
1676 2817 1785 2882 multo
1803 2817 1976 2900 magieeat

283 2931 482 3028 probabile,
508 2947 565 3004 ut,
590 2929 619 2996 ai
639 2927 708 2995 duo
724 2926 918 2995 habeantur
937 2946 1067 3018 puncta
1087 2929 1175 3014 lira,
1198 2929 1419 2998 intermediae
1441 2948 1558 3024 partes
1578 2931 1808 3011 conveniant,
1827 2926 1975 3018 ideoque

283 3045 478 3114 differentia
502 3040 714 3122 dilatationis
739 3039 881 3110 relativa
910 3041 955 3107 rit
983 3041 1086 3109 nulla.
1142 3041 1280 3107 Etenim
1314 3041 1517 3134 dependent
1542 3045 1579 3110 hi
1610 3041 1739 3130 gradus·
1765 3041 1808 3106 ab
1840 3041 1974 3122 actione

280 3171 397 3225 mutua
423 3178 587 3244 vaporem
616 3153 708 3220 iuter
735 3171 770 3220 et
785 3153 1024 3221 'substantiam
1045 3153 1348 3243 hygroscopicam,
1373 3180 1477 3247 quam
1500 3157 1613 3244 siper
1637 3171 1795 3222 naturam
1819 3153 1978 3218 materiae

279 3269 454 3364 adhibitae
478 3266 701 3332 determinari
726 3265 970 3354 admittamus,
991 3267 1166 3354 requitur,
1191 3263 1315 3349 gradus
1343 3267 1482 3334 eoadem
1508 3267 1581 3334 sore
1609 3291 1674 3356 pro
1701 3264 1795 3334 omui
1821 3262 1977 3349 ejusden

278 3401 420 3452 naturae
446 3395 605 3446 materia.

1063 3573 1096 3661 a·
1138 3571 1199 3640 a,

311 3765 545 3859 Dijitdicetio
568 3766 838 3842 methodorum,
863 3759 994 3854 quibua
1015 3765 1217 3834 obuolutum
1239 3765 1447 3836 at'cuitatem
1469 3769 1712 3837 determinare
1736 3781 1936 3839 tentarunt·
2047 3777 2054 3792 ’

318 3964 436 4050 Quum
464 3960 569 4044 igitur
588 3955 658 4024 duo
678 3972 810 4050 puncta
838 3958 906 4024 fixa
932 3978 1074 4043 prorsus
1092 3960 1282 4024 necessaria
1313 3959 1405 4040 siut,
1437 3975 1476 4024 ut
1504 3958 1594 4026 acala
1623 3958 1752 4027 oriatur
1780 3983 1972 4051 compara·-

271 4073 378 4160 bilia,
396 4073 588 4162 videamnaa
714 4153 718 4161 Ι

316 4211 347 4258 ι..
371 4186 416 4253 de
439 4184 585 4254 marimo
607 4178 873 4256 contractionis,
898 4176 991 4268 quod
1014 4203 1162 4246 summae
1185 4177 1349 4262 siccitati,
1373 4193 1410 4247 et

315 4324 345 4368 a.
370 4299 414 4366 de
435 4297 580 4364 maximo
601 4291 830 4369 dilatationis,
854 4293 950 4383 quod
974 4317 1121 4360 summae
1145 4294 1332 4384 respondet
1355 4293 1568 4364 humiditati.-

314 4408 437 4500 Quoad
467 4406 649 4473 maximum
677 4401 861 4482 siccitatis,
893 4407 948 4472 vix
982 4405 1150 4496 estquod
1187 4429 1363 4489 moneam,
1388 4409 1614 4492 rejiciendam
1640 4433 1711 4475 esse
1738 4405 1972 4499 methodum,

274 4547 342 4611 qua
364 4545 427 4609 per
452 4520 610 4588 altiorem
633 4515 774 4602 gradum
801 4515 890 4602 ignis
920 4517 987 4584 hoc
1020 4517 1176 4584 obtineri
1199 4533 1350 4608 putatur.
1397 4519 1484 4585 Satis
1514 4517 1605 4585 enim
1639 4523 1795 4590 Dultoni
1822 4530 1963 4614 experi-

242 4651 387 4702 menta
418 4633 631 4724 probarunt,
662 4649 826 4716 vaporem
858 4651 929 4694 non
957 4631 1004 4696 ita
1036 4629 1071 4695 in
1101 4624 1179 4697 aere
1214 4629 1372 4711 dissolvi,
1406 4645 1444 4696 ut
1477 4629 1607 4697 nullam
1634 4631 1670 4697 iu
1708 4633 1964 4724 hygrometrum

270 4746 444 4814 notionem·
465 4757 648 4812 exsereret.
692 4741 812 4830 Neque
835 4741 938 4808 etium
964 4765 1028 4834 per
1058 4758 1269 4810 constantem
1304 4757 1570 4831 temperaturam
1602 4764 1771 4814 constans·
1788 4749 1963 4820 obtinetur

272 4859 310 4922 in
338 4855 576 4947 qualicumque
596 4863 676 4922 aire
704 4849 918 4918 humiditatis
936 4855 1082 4940 gradus,
1114 4877 1220 4946 quum
1242 4853 1301 4920 hic
1326 4853 1368 4919 ab
1396 4852 1469 4944 i'paa
1491 4855 1636 4947 insuper
1658 4861 1793 4952 vaporis
1817 4863 1961 4952 quanti·
2025 4885 2029 4891 ·

253 4965 522 5058 ‚tate-pendeat.
567 4965 691 5057 Quoad
715 4965 976 5036 exsiccationem
998 4969 1106 5058 ipaiua
1132 4967 1359 5053 substantiae,
1382 4967 1536 5058 pertinet
1560 4986 1596 5038 et
1625 4966 1710 5042 h'aeo
1735 4973 1778 5041 ad
1799 4969 1970 5040 absurda,

1191 5079 1229 5149 (ὃ
1247 5083 1275 5154 b
1879 5085 1965 5156 Nom
