5216 6270
423 626 742 700 nrsrousro
780 642 837 693 an
872 621 1297 715 ouans-rsuram
1330 615 1637 696 PHYSICAM.
1866 621 1916 704 as

911 923 917 928 .
996 871 1029 956 ς.
1073 865 1145 956 47..
1184 921 1266 969 ..Ἡ

647 1067 710 1134 De*
741 1062 995 1154 experimentis
1028 1062 1127 1132 clar.
1150 1061 1347 1132 Melloui
1379 1067 1397 1154 (
1437 1069 1469 1154 ).

247 1261 321 1328 Hoc
348 1262 424 1351 ipso
453 1285 545 1330 anno
574 1261 700 1352 (1829)
723 1263 888 1354 Physicus
911 1259 1034 1342 Italus,
1057 1260 1196 1331 nominc
1220 1263 1388 1347 Meliori,
1412 1258 1513 1328 aliam
1533 1263 1735 1332 methodum
1758 1266 1899 1356 ingres-

208 1399 263 1441 sus
285 1391 355 1452 est,
377 1392 417 1442 ut
438 1375 583 1444 similem
607 1377 730 1442 seriem
751 1380 945 1444 tensionum
972 1375 1107 1470 vaporis
1137 1389 1173 1438 et
1198 1372 1366 1458 graduum
1387 1375 1606 1462 Hygrometri
1634 1375 1803 1466 capillatis
1832 1385 1901 1450 ob·

205 1492 343 1556 tineret.
390 1491 654 1580 Hygrometrum
674 1487 770 1574 scil„
793 1489 949 1578 capsula,
975 1505 1142 1580 quantum
1159 1502 1295 1574 poterat
1312 1488 1451 1574 exigua,
1474 1489 1523 1554 ita
1541 1487 1730 1574 inclusum,
1752 1510 1905 1562 uttrans
1975 1547 1977 1552 .

204 1601 331 1670 vitrum
348 1601 473 1689 gradus
491 1605 667 1672 observari
688 1619 846 1692 possent,
868 1625 933 1692 per
954 1600 1131 1668 cochleam
1150 1600 1266 1684 junxit
1284 1623 1363 1666 cum
1385 1601 1561 1690 superiore
1584 1607 1787 1671 macometri
1813 1630 1901 1695 par-

208 1731 259 1789 te,
283 1719 473 1784 curatione
495 1733 551 1797 ut,
572 1717 740 1812 epistomii
763 1739 847 1804 ope,
885 1711 1151 1782 communicatio
1175 1711 1269 1777 inter
1288 1729 1474 1802 utrumque
1496 1713 1573 1782 lieri
1595 1733 1722 1806 posset.
1772 1720 1901 1786 Mano-

202 1844 352 1896 metrum
383 1853 425 1895 ex
465 1833 550 1899 tubo
583 1831 774 1920 angustiore
813 1827 978 1896 inferiore
1007 1843 1043 1892 et
1078 1825 1245 1914 ampliore
1285 1828 1490 1919 superiore,
1523 1827 1710 1896 hermetice
1740 1833 1894 1916 junctis,

204 1943 404 2026 constabat3
429 1959 566 2034 poterat
592 1960 705 2012 autem
738 1966 803 2031 per
827 1939 971 2030 stylum,
999 1937 1067 2028 ipsi
1097 1937 1272 2014 adlimrm,
1305 1963 1371 2029 ope
1396 1957 1492 2008 rotae
1525 1939 1684 2010 dentatae
1714 1940 1767 2012 vel
1798 1941 1899 2011 altius

201 2055 239 2116 in
265 2053 517 2144 hydrargyrum
540 2057 707 2148 deprimi,
724 2055 782 2124 ‘vel
808 2078 850 2119 ex
876 2053 998 2119 eodem
1023 2049 1165 2129 elevari,
1187 2073 1257 2140 quo
1280 2050 1404 2133 fiebat,
1424 2071 1464 2122 ut
1491 2051 1641 2146 spatium
1660 2057 1814 2151 superius
1839 2081 1906 2136 ιν,

204 2187 306 2232 cuum
332 2189 399 2254 pro
422 2165 535 2232 lubitu
559 2170 770 2234 incresceret
788 2164 842 2229 vel
864 2163 1140 2224 imminueretur.

246 2277 321 2342 Jam
337 2299 419 2344 vero
436 2299 500 2366 per
522 2276 663 2344 antliam
684 2272 936 2361 pneumaticum
957 2277 1072 2334 a'e'rem
1092 2291 1134 2332 ex
1155 2269 1293 2356 capsula
1309 2272 1526 2365 hygrometri,
1543 2253 1785 2368 exhauriebat,
1804 2290 1901 2372 ejus.

204 2411 272 2478 que
292 2387 370 2456 loco
389 2412 512 2479 aquam
528 2389 565 2454 in
584 2387 703 2456 eadem
727 2380 980 2471 evaporandum
999 2380 1152 2444 curabat.
1197 2381 1286 2447 Dein
1304 2409 1368 2472 per
1391 2387 1565 2461 cochleam
1586 2397 1751 2480 jungebat
1772 2420 1903 2485 capsu-

204 2501 273 2568 lam
298 2517 333 2569 ct
359 2515 609 2568 manomctrum
634 2521 673 2564 ac
693 2521 757 2588 per
787 2494 1012 2581 epistomium'
1030 2485 1373 2564 communicationem
1403 2503 1497 2568 inter
1518 2503 1577 2570 illa
1600 2507 1789 2587 efficiebat,
1811 2511 1909 2578 uude

201 2639 265 2708 per
292 2633 475 2703 utrumque
497 2609 645 2704 spatium
668 2605 930 2674 diffundebatur
951 2629 1070 2694 vapor.
1115 2605 1170 2672 Sic
1196 2606 1300 2691 igitur
1324 2607 1502 2699 depressio
1523 2613 1752 2706 hydrargyri,
1773 2621 1910 2689 ratione

201 2728 390 2794 baromstri
417 2723 587 2818 appositi,
615 2720 751 2804 saporis
774 2718 965 2786 tensionem
986 2716 1204 2795 declarabat,
1235 2739 1321 2808 quae
1350 2743 1430 2792 cum
1456 2725 1666 2814 hygrometri
1691 2730 1906 2804 indicatione

204 2839 478 2927 comparabatur.
1382 2901 1384 2912 ,
1519 2900 1524 2915 ,

245 2947 386 3016 Elevato
407 2963 520 3014 autem
539 2962 768 3028 menometro,
789 2944 950 3040 volumen
978 2945 1114 3040 vaporis
1138 2947 1379 3036 increscebat,
1397 2951 1505 3018 tensio
1524 2976 1604 3038 ergo
1626 2953 1847 3026 decrescebat
1871 2980 1906 3030 et

201 3064 460 3152 hygrometrum
489 3082 604 3128 versus
637 3060 767 3126 siccum
790 3059 965 3126 tendebat.
1022 3061 1173 3140 Contra,
1204 3064 1338 3130 minuto
1367 3066 1504 3152 vaporis
1531 3067 1721 3150 volumine,
1743 3096 1809 3161 per
1837 3073 1906 3140 de·

202 3195 360 3263 pressum
378 3187 630 3236 menometrum
650 3174 697 3260 in·
721 3174 834 3268 ipsum
856 3172 1127 3262 hydrargyrum,
1150 3176 1261 3240 tensio
1286 3177 1487 3264 augebatur,
1510 3177 1659 3269 ideoque
1690 3184 1905 3254 humiditatis

201 3283 325 3373 gradus
347 3283 488 3376 petebat
508 3282 772 3370 hygrometrum.
815 3284 874 3352 Sic
894 3309 975 3372 ergo
1000 3285 1093 3352 facili
1110 3285 1304 3354 encheiresi
1324 3303 1428 3352 totam
1445 3289 1654 3378 hygrometri
1673 3292 1796 3360 scalam
1817 3320 1911 3383 per·‚

203 3399 378 3476 currebat,
399 3396 517 3486 quavis
543 3396 778 3462 observatione
812 3395 912 3462 simul
934 3396 1119 3464 exhibente
1148 3397 1358 3484 hygrometri
1387 3399 1531 3481 gradum
1560 3402 1737 3494 ipsamque
1767 3413 1903 3495 vaporis

192 3512 409 3586 tensionem,
431 3506 512 3572 dum
529 3507 685 3596 repetitis
719 3507 850 3576 vicibus
881 3505 927 3572 ad
950 3505 1095 3576 eandem
1123 3507 1312 3578 tensionem
1338 3509 1520 3578 redeundo
1540 3513 1610 3598 jam
1637 3513 1743 3582 factas
1767 3519 1905 3588 coufir-

201 3638 313 3690 maret
339 3618 604 3686 ohservationes.

243 3733 441 3800 observatis
468 3753 548 3814 crgo
576 3753 678 3820 quam
702 3731 858 3820 plurimis
881 3730 1039 3808 cautelis,
1061 3749 1100 3798 ut
1126 3749 1162 3802 et
1180 3733 1438 3823 hygrometrum
1462 3737 1556 3803 omni
1578 3755 1677 3830 parte
1703 3760 1790 3811 essct
1814 3726 1913 3835 per-¹

200 3851 351 3927 fectum,
382 3857 418 3910 et
440 3859 694 3954 *menometru'm
717 3855 962 3955 a'c're‘prorsus
990 3869 1135 3955 vacuum
1156 3850 1244 3931 (2),
1275 3846 1505 3954 adhibitoque
1537 3852 1799 3941 thermometro‚
1833 3885 1908 3951 quo

1839 3980 1909 4040 vad

227 4145 289 4220 ’[ι)
307 4143 388 4215 Quae
410 4136 503 4212 nme
516 4147 699 4214 exponuntur
717 4137 1010 4218 expetamrmpm
1029 4139 1143 4216 quidem
1164 4140 1521 4200 mma-mummuleno
1535 4153 1611 4201 sunt
1626 4147 1791 4210 recentium⁴
1829 4152 1909 4210 Pro..

205 4241 320 4298 dierunt
342 4255 431 4306 sero,
455 4243 606 4310 autequam
632 4235 704 4292 haec
730 4238 803 4312 typis
822 4237 1014 4297 mandaretur.
1048 4235 1088 4296 Ea
1109 4255 1178 4313 ergo
1198 4247 1230 4294 ut
1249 4235 1297 4294 hic
1316 4237 1487 4316 insererem,
1510 4239 1648 4302 benevole
1668 4245 1740 4302 mihi
1764 4255 1906 4309 concessis

204 4337 271 4396 nob.
289 4335 426 4400 Marmar
442 4332 514 4390 Phil.
533 4330 597 4390 Nat
614 4334 647 4389 in
664 4336 748 4393 acad.
766 4335 904 4413 Lcydensl
920 4336 1002 4394 ordo.
1362 4393 1366 4400 ,
1500 4333 1503 4340 ’

238 4438 290 4510 (a)
306 4435 527 4509 Hygrometrum
547 4429 706 4488 coniecerat
720 4432 844 4508 perlecta
863 4434 900 4490 ad
921 4432 1130 4502 dimensiones,
1148 4451 1217 4506 quas
1235 4433 1399 4511 praescribit
1420 4437 1456 4493 de
1483 4440 1634 4509 Smosure,
1651 4447 1773 4499 mutarat
1791 4449 1908 4506 uatum

205 4529 418 4608 quodammodo
438 4527 574 4584 rationem
604 4531 735 4606 affigendi
756 4529 900 4609 capillum.
934 4529 1102 4588 Mauometri
1133 4548 1261 4590 ‚vacuum
1292 4525 1334 4587 ita'
1354 4532 1511 4610 perfectum
1536 4535 1744 4606 constituerat,
1767 4549 1800 4598 ut
1823 4545 1903 4605 idem.

207 4633 282 4690 illisas
305 4635 378 4681 esset
399 4633 429 4679 et
448 4621 605 4680 barometri
627 4625 761 4686 libellum.
808 4627 922 4687 Antliae
945 4629 1139 4707 pneumaticae
1165 4647 1221 4705 ope
1245 4629 1389 4705 capsulam
1410 4648 1516 4708 vapore
1536 4629 1690 4705 saturavit,
1719 4637 1758 4694 ita
1783 4651 1816 4698 ut
1846 4662 1898 4700 ne·

209 4745 266 4806 que
296 4740 383 4798 aqua,
416 4735 510 4794 neque
540 4727 591 4776 atr
619 4720 784 4796 superstites
807 4733 908 4783 essent.
955 4727 1009 4784 Per
1033 4723 1165 4782 tubulum
1185 4725 1346 4802 capillarem
1376 4727 1450 4783 iuter
1470 4727 1612 4804 capsulam
1636 4739 1667 4786 et
1692 4747 1903 4798 monometrum

206 4815 487 4884 communicationem
505 4814 612 4890 effecit,
632 4834 705 4892 quae
726 4828 851 4876 ceterum
872 4841 925 4898 per
946 4820 1152 4900 hydrargyrum
1174 4823 1233 4878 aeri
1258 4821 1366 4880 reclusa
1389 4834 1459 4883 erat.
1492 4824 1565 4882 Hinc
1585 4825 1746 4888 differentia
1767 4830 1898 4895 barome.

206 4945 274 5004 trica
290 4943 357 5022 post
369 4930 649 4994 communicationem
666 4931 828 4998 institutam
841 4956 901 4998 non
916 4937 1071 5017 attingebat
1088 4925 1185 5010 imm.
1210 4937 1345 5000 Ceterum
1359 4943 1475 5022 quaevis
1484 4941 1644 5010 obsecratio
1664 4943 1751 5010 5-6'
1763 4951 1905 5026 durabat,
1982 4915 1985 4920 ¹
2004 4983 2007 4992 v

1181 5034 1205 5096 F
1223 5040 1245 5098 ³
1850 5071 1902 5110 ua·
