5216 6270
491 581 818 656 RESPONSIO
854 595 914 650 tn
951 577 1374 673 QUAESTIONEM
1407 577 1711 650 Ptttstctttt.
1914 583 1958 693 5¹5

299 774 332 842 5.
348 757 407 836 ttt's
429 765 573 836 tandem
588 761 689 832 addit
704 779 941 854 argunrsntum
953 808 965 846 ,
975 759 1018 828 ab
1039 761 1116 854 ipso
1130 783 1192 830 suo
1207 759 1403 830 aduersario
1418 763 1565 854 petitum
1580 811 1591 848 ,
1609 761 1683 830 scil.
1697 763 1962 854 hygrometrum,

258 855 420 972 capillsre
449 883 517 966 jana
538 877 582 946 ad
606 879 665 969 98ο
693 888 807 946 ae'rem
826 891 1013 942 saturnum
1031 871 1207 957 indicare,
1231 871 1313 941 dein
1335 899 1416 944 vero
1434 873 1478 944 sd
1501 889 1576 948 100⁰
1597 874 1810 942 adscendere
1840 895 1951 966 posse.

257 998 327 1067 llos
348 995 432 1062 duos
449 991 574 1080 gradus
594 991 722 1082 repetit
738 1017 756 1058 a
776 987 970 1059 differentis
986 985 1079 1052 inter
1098 985 1284 1063 marimum
1302 989 1519 1060 humiditatis
1538 990 1679 1058 esteris
1699 988 1952 1058 saturationem.

298 1110 359 1180 De
382 1109 563 1184 Scussura
585 1121 699 1173 antem
720 1104 772 1170 his
794 1103 962 1194 opponite
1829 1170 1835 1181 ¹

299 1247 330 1290 t·
350 1219 428 1290 Non
448 1243 554 1312 aquae
575 1219 635 1286 sed
659 1219 747 1285 airis
766 1213 1001 1281 humiditatem
1022 1231 1095 1280 etse
1111 1209 1564 1310 investigandam‚ideoque
1584 1215 1768 1282 maximum
1787 1210 1947 1278 humidi-

254 1335 333 1402 tatis
350 1357 421 1400 non
445 1333 484 1400 iu
502 1358 590 1424 aqna
616 1356 688 1402 esse
711 1326 970 1423 quaerendum,
989 1324 1050 1394 sed
1072 1327 1108 1392 in
1128 1333 1231 1409 a'e‘re,
1249 1345 1426 1419 postquam
1450 1353 1586 1398 omnem
1603 1325 1755 1414 suscepit
1770 1310 1961 1420 vaporem,

256 1451 353 1536 cujus
380 1463 432 1514 est
453 1468 572 1534 capax.

296 1585 330 1632 r.
354 1562 481 1630 h'e‘rern
495 1557 679 1628 terminum
699 1557 807 1626 fixum
829 1555 1016 1640 exhihere,
1033 1552 1127 1644 qnod
1151 1556 1387 1645 experimenta
1404 1557 1576 1647 probant,
1589 1557 1628 1626 in
1650 1559 1712 1627 150
1731 1555 1949 1622 instromen-

260 1675 303 1742 tis
325 1671 481 1762 ejusdem
501 1671 632 1760 generis
652 1669 822 1740 institute.

298 1791 331 1863 3·
352 1789 615 1879 Hygromstrum
636 1785 692 1858 Cl-
706 1788 766 1858 Dc
788 1789 870 1859 Luc
892 1810 965 1860 nou
984 1811 1147 1884 vaporem
1169 1795 1249 1856 stira
1274 1785 1678 1892 contentum'iudicare,
1699 1785 1762 1857 scd
1788 1809 1866 1858 eum
1885 1807 1954 1876 quo

254 1902 370 1992 ipsum
396 1899 562 1992 repletur.

294 2019 328 2088 4.
350 2018 481 2089 Revera
505 2019 550 2087 ad
575 2023 639 2110 98⁰
664 2022 716 2090 soi
736 2024 944 2114 hygrometri
973 2027 1044 2109 iam
1071 2023 1186 2092 adeam
1213 2019 1400 2089 maximum
1427 2015 1666 2104 humiditatis,
1692 2017 1753 2108 qui
1784 2031 1866 2084 toro
1892 2034 1955 2079 su-

254 2148 400 2222 persunt
424 2153 444 2200 n
467 2131 617 2222 gradus,
637 2133 741 2201 modo
763 2139 1160 2221 suspersatumts'cnam,
1183 2151 1223 2200 nt
1243 2149 1361 2208 vocat,
1384 2131 1543 2203 indicare
1566 2133 1584 2220 (
1623 2135 1654 2222 ).

296 2239 431 2330 Quodsi
457 2243 524 2310 hac
543 2244 581 2310 in
602 2268 641 2311 ra
660 2243 829 2331 judicium
855 2244 1037 2348 serendum
1056 2244 1122 2330 sit,
1143 2241 1327 2312 mammona
1353 2241 1533 2312 densitatis
1558 2245 1595 2310 in
1621 2264 1747 2334 vapore
1763 2238 1959 2310 naturalem

253 2372 325 2422 csse
346 2351 457 2422 scalae
476 2354 748 2446 hygrometricse
771 2355 933 2444 limitem,
947 2357 1097 2448 ideoque
1115 2357 1216 2424 unice
1236 2376 1304 2447 pro
1327 2351 1385 2422 tali
1404 2353 1658 2423 admittendum
1680 2355 1850 2446 ponimus.
1877 2351 1956 2422 Nou

171 2472 176 2482 '
252 2467 346 2539 euim
365 2468 510 2558 amplius
527 2469 566 2536 iu
593 2469 843 2560 hygrometria,
866 2492 952 2558 quae
977 2491 1058 2538 sere
1087 2469 1137 2536 sic
1160 2465 1311 2548 dicitur,
1333 2465 1377 2534 da
1396 2490 1484 2558 aqua
1505 2467 1636 2554 agitur,
1662 2490 1764 2558 quam
1790 2463 1950 2552 ingurgi·

252 2593 327 2646 tara
350 2579 489 2644 materis
511 2593 647 2664 potest,
670 2597 742 2646 uon
770 2576 816 2646 de
847 2577 1058 2648 humiditatis
1084 2580 1250 2658 mcximo.
1279 2600 1322 2644 ex
1350 2599 1438 2666 aqua
1463 2577 1638 2668 petendas
1675 2577 1737 2641 scd
1771 2577 1872 2642 unice
1906 2575 1955 2644 dc·

252 2711 391 2777 vapore.
446 2687 614 2756 Subtilius
642 2714 750 2781 qnam
783 2693 896 2760 rarius
931 2695 992 2762 De
1029 2695 1112 2762 Luc
1152 2691 1348 2762 distinxisse
1376 2685 1514 2758 ridetur
1547 2689 1640 2756 inter
1672 2685 1884 2755 humiditatis
1918 2705 1954 2756 et

253 2799 502 2894 corporationis
529 2800 735 2886 maximum-3
761 2803 861 2870 uineis
883 2804 1031 2872 inhaesit
1057 2805 1272 2876 fallacitate
1303 2799 1516 2878 humiditatis
1546 2799 1766 2882 definitioni,
1789 2824 1855 2866 nec
1877 2801 1947 2866 mi·

251 2934 318 2980 nats
345 2907 461 2978 fallaci
492 2909 701 3002 hygrcmatri
722 2915 939 2986 iudicatiooi.
990 2917 1134 3006 Egregie
1166 2933 1287 2986 contra
1322 2915 1367 2986 ad
1396 2913 1530 3010 vaporis
1557 2911 1792 2980 conditionem
1812 2931 1945 3006 provo·

254 3038 311 3094 cst
330 3023 377 3092 dc
400 3021 609 3109 Sausstsre,
637 3049 745 3117 quam
769 3026 894 3112 ducent
922 3033 1132 3100 recentiores
1162 3032 1272 3100 secuti
1296 3047 1394 3098 sunt.
1447 3025 1629 3110 Attamen,
1651 3023 1735 3093 licet
1758 3019 1947 3095 theoretica

252 3132 340 3202 haec
362 3134 492 3228 optime
514 3136 671 3222 tabant,
694 3139 785 3210 hane
804 3157 917 3213 umen
935 3143 1178 3214 animadvertit
1200 3144 1257 3218 Cl.
1275 3141 1457 3219 Moscha.
1479 3139 1633 3230 practice
1660 3155 1842 3230 utramque
1864 3163 1943 3208 mc·

250 3242 396 3314 thudun
420 3269 492 3312 nou
516 3246 605 3316 adeo
634 3249 854 3348 discrepare,
876 3281 985 3349 quum
1005 3273 1041 3326 et
1072 3257 1113 3324 in
1137 3279 1325 3347 campana,
1347 3253 1511 3345 temporis
1537 3273 1737 3341 progressu,
1757 3271 1823 3330 ros,
1838 3249 1942 3318 ohta·

249 3371 306 3444 ιιι
335 3356 512 3426 materiem
545 3359 834 3450 hygromctricanr
862 3390 930 3455 per
960 3391 1068 3456 aquae
1106 3383 1286 3436 cosmetae
1313 3379 1486 3447 suatum,
1517 3361 1611 3428 uude
1648 3361 1686 3426 in
1721 3355 1840 3428 eadem
1868 3377 1940 3450 tum

250 3466 447 3538 conditione
471 3487 643 3552 veremur,
666 3475 790 3562 quain
812 3497 888 3542 vase
912 3499 1000 3565 aqua
1026 3475 1163 3566 repleto
1184 3481 1272 3564 (2).

288 3579 338 3646 Ut
359 3600 441 3646 tero
464 3601 505 3646 ex
525 3582 577 3648 hia
609 3584 886 3654 conclusionibus
911 3585 1103 3670 judicemus
1129 3587 1174 3656 da
1201 3587 1421 3674 quaestione,
1444 3600 1567 3678 apeme
1586 3607 1681 3652 nuuc
1705 3602 1796 3664 orta,
1822 3603 1938 3658 utrum

247 3687 419 3779 capillus,
444 3715 487 3758 an
512 3717 593 3760 vero
621 3694 766 3764 helcana
789 3697 974 3764 maximnm
999 3697 1215 3766 humiditatis
1244 3697 1403 3768 indicat?
1437 3683 1666 3784 intelligitur,
1688 3715 1874 3789 oportere,
1900 3717 1941 3767 ut

245 3801 283 3868 iu
308 3799 497 3868 substantia
516 3804 762 3898 hygroscopica
781 3809 965 3878 maximum
991 3827 1049 3876 aut
1073 3825 1166 3878 cente
1188 3826 1355 3900 puuctum
1379 3809 1487 3878 lixum
1509 3809 1733 3899 elongationis
1765 3811 1944 3882 coincidet
2057 3813 2060 3820 ’

250 3933 329 3980 cum
351 3913 486 4000 vaporis
517 3916 674 3988 maximo.
714 3917 791 3984 Jsm
815 3941 897 3986 vero
915 3919 1059 4012 capillus
1078 3929 1116 4016 ᾗ
1133 3924 1330 3990 etiamnunc
1352 3919 1463 3987 scalae
1481 3935 1617 4010 partam
1636 3919 1788 4008 elongari
1808 3940 1939 4010 potest,

245 4041 428 4114 postquam
455 4025 515 4092 atla
540 4031 723 4097 marimum
749 4031 945 4100 assumserit
963 4032 1237 4120 corporationis,
1255 4031 1403 4098 halrcna
1426 4046 1540 4098 antem
1566 4031 1668 4098 unice
1691 4029 1728 4098 lu
1750 4057 1839 4124 aqua
1858 4057 1936 4102 ma·

141 4127 145 4144 ⁶
246 4138 376 4206 nimum
401 4135 559 4208 volumen
579 4140 737 4228 attingit,
760 4139 881 4232 quod,
904 4141 956 4208 nti
979 4159 1072 4210 recta
1092 4145 1136 4212 da
1162 4147 1343 4213 Sousoura
1361 4157 1499 4225 mouet,
1522 4141 1791 4212 adscribendum
1809 4169 1943 4237 aquae,

247 4273 312 4344 pet·
336 4249 561 4319 substantiam
580 4269 781 4344 assumptae.
825 4251 916 4324 Hinc
939 4273 1062 4346 sponte
1089 4257 1193 4342 lluit,
1210 4259 1248 4324 in
1272 4253 1399 4347 capillo
1417 4257 1479 4349 ᾗ,
1502 4253 1539 4322 in
1563 4254 1704 4326 balaena
1724 4263 1744 4351 ξ
1762 4294 1806 4310 -
1818 4263 1840 4350 ᾗ
1858 4279 1940 4326 sca-

246 4359 299 4428 tas
315 4377 449 4450 partem
468 4363 594 4432 nullius
613 4389 692 4432 usos
707 4388 791 4439 esst·
814 4363 1061 4436 concludimus
1082 4371 1209 4460 igitur,
1230 4389 1390 4441 neutrum
1410 4368 1594 4436 maximum
1612 4369 1825 4437 humiditatis
1848 4369 1945 4440 hetto·

247 4461 422 4556 indicare,
445 4479 589 4570 propius
614 4492 727 4546 tantan
754 4475 916 4546 accedere
937 4483 1071 4550 veritati
1095 4481 1267 4574 capillum.
1314 4480 1482 4565 Accedit,
1501 4481 1594 4573 quod
1615 4484 1822 4550 recentiores
1839 4480 1939 4552 aliis·

244 4599 364 4666 mant,
386 4607 545 4662 accurata
564 4588 674 4660 scalas
697 4587 1002 4682 detspminaticuo,
1025 4595 1063 4662 in
1088 4593 1153 4666 hac
1182 4593 1323 4666 matario
1346 4593 1439 4664 bena
1461 4611 1667 4687 praeparata
1687 4615 1840 4665 errorem
1861 4591 1941 4663 fare·

1850 4706 1937 4777 nul-

278 4873 927 4958 <spumantemamnem

277 4971 718 5058 tatssttoetcnetssq,
