5202 6268
423 551 745 637 testortsto
781 551 1628 658 raQtttttst1ottnttrrtvstcete.
1747 550 1755 572 ⁸
1816 495 1819 504 ¹
1880 560 1920 628 81

220 740 327 814 'terius
363 751 476 802 autem
502 757 571 800 non
594 732 924 824 proceditsuetor,
948 752 987 804 nt
1010 737 1062 808 tel
1090 735 1350 826 eleaticitatem,
1370 733 1423 806 'tel
1448 719 1669 806 densitatem
1686 737 1821 826 vaporis
1847 738 1918 830 hy·

215 849 409 940 grometrici
431 845 638 916 determinet
661 848 730 934 (Ἴ.

1001 1053 1034 1140 ς.
1078 1047 1132 1117 ao.

442 1240 504 1309 De
525 1239 782 1327 experimentis
803 1255 842 1310 et
850 1241 1032 1330 formulis
1054 1245 1118 1310 cel.
1142 1239 1442 1329 Gay-Lassae
1465 1237 1566 1304 circa
1579 1237 1713 1327 srigue

561 1360 563 1364 '
781 1359 1051 1444 amputationis
1073 1357 1112 1422 in
1133 1355 1219 1422 ae're
1241 1354 1350 1420 eiuro.

255 1547 355 1613 Licet
382 1545 524 1637 proprie
549 1565 670 1617 nostro
703 1569 809 1638 scopo
834 1546 919 1616 baec
951 1547 1185 1639 experimenta
1219 1569 1290 1614 non
1322 1545 1452 1615 iueriut
1482 1543 1639 1610 instituta
1669 1557 1703 1612 et
1728 1543 1805 1636 ipse
1836 1545 1921 1612 adeo

211 1672 331 1724 auctor
354 1674 477 1744 neget,
509 1684 548 1728 ea
573 1662 671 1730 facile
706 1659 749 1727 ad
780 1659 1045 1750 bygrometrianr
1073 1660 1203 1730 ducere
1225 1683 1351 1748 posse,
1376 1660 1438 1724 hie
1466 1672 1583 1724 tamen
1619 1655 1733 1726 locum
1763 1655 1921 1724 obtinere

208 1783 402 1850 merentur,
436 1793 543 1862 quum
573 1797 654 1844 vera
679 1773 827 1861 jecerint
852 1771 1098 1853 fundamenta,
1132 1774 1258 1862 quibus
1293 1771 1440 1838 theorias
1463 1789 1537 1835 suas
1566 1784 1827 1858 superstruxere
1858 1767 1916 1841 olt.

205 1881 361 1968 August
382 1897 415 1950 et
438 1884 555 1974 Ivory.

246 1993 377 2060 Eadem
402 1997 554 2080 ratione,
578 2023 645 2088 qus
664 2001 808 2080 Lealie,
833 1996 899 2065 cel.
925 1999 1173 2088 Gay-Lassae
1195 1997 1307 2088 primo
1330 1993 1407 2062 loco
1439 1991 1579 2077 statuit,
1603 1989 1708 2077 frigus
1748 2016 1920 2084 evapora-

209 2104 310 2172 tionia
332 2109 370 2172 in
392 2117 471 2175 ae're
495 2133 724 2198 quocunque,
748 2111 903 2196 periente
921 2109 1030 2190 sicco,
1051 2112 1233 2174 marimum
1251 2133 1349 2175 suurn
1368 2105 1535 2192 attigisse,
1556 2104 1614 2170 ubi
1634 2103 1838 2189 celorinum,
1854 2129 1917 2174 va-

205 2239 293 2304 pore
318 2219 541 2308 absorptum,
564 2220 704 2310 aequale
727 2235 778 2286 est
797 2218 868 2296 illi,
895 2217 989 2308 quod
1012 2227 1071 2284 air
1102 2217 1238 2306 perdit,
1261 2235 1300 2281 ut
1322 2214 1400 2282 cum
1424 2198 1526 2284 eo'in
1548 2219 1752 2304 aequilibrio
1769 2235 1917 2312 ponatur

204 2344 240 2394 et
265 2343 535 2421 temperaturae,
558 2349 593 2399 et
613 2331 811 2420 pressioris.
854 2329 944 2396 Huic
967 2327 1100 2396 accedit
1117 2327 1259 2418 quidem
1280 2309 1487 2410 dalorieum,
1509 2327 1698 2396 radiatione
1719 2353 1760 2395 ex
1779 2351 1912 2420 eorpo-

200 2437 297 2508 ribus
317 2441 438 2511 vicinis
467 2445 685 2534 superficiei,
709 2468 796 2533 quaa
818 2458 1044 2531 evaporatur,
1066 2439 1221 2508 affusum.
1266 2439 1340 2508 Hoc
1367 2455 1478 2508 autem
1503 2440 1614 2508 minus
1643 2456 1713 2526 est,
1745 2463 1847 2530 quam
1876 2457 1916 2506 ut

203 2553 243 2618 in
264 2571 463 2646 computum
483 2553 596 2640 redigi
616 2554 736 2648 possit.
1505 2535 1513 2548 '

242 2665 281 2732 si
301 2689 384 2752 ergo
403 2685 596 2758 portatura

285 2772 515 2849 tealorioum
537 2777 673 2866 vaporis
695 2775 807 2844 latens
828 2799 875 2842 =
895 2779 974 2846 5500
1000 2776 1033 2846 0

288 2911 314 2970 γ
335 2887 476 2953 calorioi
497 2889 667 2980 capacitas
688 2893 801 2975 aeris,
824 2889 869 2957 ad
891 2913 1013 2981 aquam
1033 2887 1153 2959 relata·

287 3021 309 3066 e
329 3001 465 3087 vaporis
486 3001 635 3070 densitas
656 3003 789 3071 ratione
812 3002 922 3088 airis,
944 3019 1117 3093 tamquam
1138 3001 1297 3086 unitatis,
1319 3023 1364 3068 .·.:
1384 3007 1423 3090 ἑξ

285 3109 416 3186 bairis
438 3115 568 3203 pressio
1219 3097 1223 3104 “

284 3234 302 3290 t
325 3223 482 3310 ejusdem
503 3242 735 3316 temperatura

283 3337 312 3403 τ’
326 3335 451 3423 gredm
472 3356 551 3425 post
570 3345 845 3432 evaporationem

284 3451 317 3515 e'
329 3448 511 3516 elastioitaa
532 3455 692 3538 vaporis,
713 3477 801 3543 quae
822 3453 1004 3534 maximnm
1025 3451 1119 3518 sistit
1134 3449 1178 3518 ad
1203 3455 1231 3519 ι’

191 3562 260 3628 erit

652 3737 657 3744 .
761 3677 1135 3767 e‘ct=7(b-a‘)
1159 3675 1319 3766 (t-t')

197 3787 298 3855 Hane
324 3797 435 3850 eutem
458 3781 624 3850 theoriam
648 3788 866 3857 oonfirmavit
890 3789 1116 3878 experientit.
1158 3789 1297 3856 Dii-ecte
1323 3787 1416 3856 enim
1443 3785 1688 3856 determinavit
1722 3802 1898 3876 tempera·

199 3916 296 3966 turae
316 3894 613 3978 imminutionem,
636 3921 737 3986 quam
754 3903 884 3987 patitur
906 3905 1119 3980 sessiacus,
1142 3902 1314 3970 adductus
1337 3899 1382 3966 ad
1401 3899 1683 3967 thermometrum
1704 3904 1899 3966 mercuria-

194 4009 252 4093 le,
273 4007 419 4076 humido
451 4005 558 4074 linteo
585 4008 705 4092 (tirou
731 4011 775 4076 de
801 4013 958 4098 butiate)
981 4011 1197 4080 obvertitnm.
1239 4015 1313 4079 Δὲι·
1345 4027 1477 4088 antem,
1508 4033 1551 4076 ex
1578 4025 1770 4098 gaaometro
1792 4032 1897 4097 pres·

197 4122 292 4188 aione
321 4120 491 4186 constanti
515 4117 710 4210 proiectus,
742 4141 841 4190 antea
867 4147 931 4217 per
960 4125 1081 4190 tubum
1103 4125 1319 4208 ducebatur,
1353 4123 1550 4192 chlorureto
1574 4121 1673 4190 orleii
1701 4119 1894 4216 impletum.

199 4233 290 4299 Hine
311 4231 458 4300 alterum
478 4232 630 4298 intrabat
656 4235 794 4314 tubum,
819 4236 856 4302 in
885 4260 955 4328 qno
982 4236 1171 4324 attingebat
1200 4237 1506 4319 thermometrum,
1539 4239 1613 4324 ejus
1648 4250 1898 4326 temperaturae

176 4337 400 4412 ¹indicandae
416 4345 638 4412 destinatum.
682 4349 788 4431 Dein,
812 4352 833 4418 5
855 4350 1066 4418 centimetris
1084 4350 1235 4432 abhino,
1257 4347 1403 4416 alterum
1420 4366 1494 4418 erat
1516 4347 1798 4418 thermometrurn
1818 4367 1897 4413 oum

193 4457 377 4549 superficie
399 4456 561 4538 humida,
584 4482 685 4548 quam
714 4462 758 4526 ab
784 4464 877 4528 omni
906 4479 1006 4552 parte
1033 4462 1269 4532 euaumdsbst
1294 4472 1366 4530 aer·
1411 4459 1568 4529 Tandem
1590 4461 1697 4528 libere
1718 4461 1755 4528 in
1778 4477 1894 4526 etmo-

192 4567 339 4657 epbaera
362 4569 644 4659 dispergebatur,
667 4570 796 4640 nuliam
820 4578 1005 4665 pressioris
1028 4579 1253 4645 mutationem
1272 4573 1422 4644 subiens.
1466 4573 1547 4662 Quo
1565 4573 1664 4660 eitius
1692 4573 1734 4643 ad
1758 4590 1894 4658 tempe·

1835 4709 1896 4752 ra·

233 4822 284 4896 (Ἶ
299 4825 455 4919 Nichoisoo
468 4825 568 4885 Journ.
588 4826 623 4884 oi
632 4827 696 4886 Nat.
721 4829 793 4890 Phil.
812 4831 848 4895 V.
867 4833 918 4893 ΙΙΙ.
934 4855 963 4916 p.
982 4839 1030 4903 ter
1047 4843 1078 4893 et
1092 4837 1148 4894 5ιᾶ
1168 4852 1205 4890 tn.
1219 4831 1273 4892 tut
1294 4835 1329 4892 b.
1346 4852 1412 4911 ¹799
1440 4829 1533 4890 eost.
1553 4833 1627 4891 citt.
1649 4835 1725 4891 dua.
1738 4833 1773 4894 V.
1791 4853 1819 4912 p.
1832 4832 1893 4888 ¹35.

192 4923 222 4972 et
236 4917 330 4976 Letlie
346 4917 457 5034 Kurair
471 4923 585 4981 tenant
600 4936 664 4986 eeu.
681 4927 703 4987 l.
718 4945 743 4986 a.
774 4993 776 4999 Α
1168 4998 1198 5066 L
