5202 6268
635 667 697 736 ns
815 744 822 755 ,
858 630 1202 756 retexerunt
1236 619 1446 730 canoni
1481 663 1796 754 nutarentur
1829 671 2105 753 sonantur
2149 717 2183 759 ,2
2235 703 2241 714 ·

682 915 687 923 ,
807 843 981 934 desumtus
1014 841 1138 920 suerit,
1172 844 1293 928 exigna
1321 859 1467 934 ,catenae
1502 867 1585 936 pars
1614 848 1782 935 ponderis
1809 853 1982 926 desectum
2010 863 2174 955 supplere
2201 870 2336 949 debeat.

809 959 942 1022 Puncta
966 972 1038 1043 qet
1059 979 1097 1037 r,
1118 979 1205 1046 quae
1223 950 1298 1024 tum
1316 957 1383 1022 sibi
1403 957 1640 1046 respondent,
1661 965 1699 1029 iu
1720 982 1818 1052 parte
1839 969 1906 1036 fixa
1927 991 1961 1038 et
1979 977 2100 1043 mobili
2117 1005 2336 1064 annotantur.

808 1069 864 1134 Ab
885 1067 938 1132 his
957 1066 1064 1134 scalae
1085 1069 1126 1134 lit
1148 1069 1296 1136 initium.
1333 1070 1419 1136 Dein
1443 1094 1524 1138 vero
1539 1073 1676 1164 pondus
1695 1101 1733 1146 ιο
1755 1103 1939 1164 granorum
1958 1090 2169 1176 appenditur
2187 1125 2277 1172 unco
2296 1136 2332 1177 a.

680 1213 702 1268 ¹«
811 1177 1087 1270 Aequilibrium‚
1102 1179 1158 1248 ita'
1169 1199 1309 1276 ruptum
1320 1229 1330 1264 ,
1342 1180 1505 1270 depressa
1524 1203 1622 1284 parte
1638 1189 1758 1256 mobili
1777 1193 1991 1275 restituitur,
2004 1197 2238 1280 descendente
2258 1218 2331 1286 scil,

729 1359 732 1372 ,
814 1291 981 1358 catenula.
1020 1293 1241 1376 Punctuma,
1262 1294 1355 1384 quod
1381 1311 1452 1360 tum
1471 1319 1549 1362 cum
1569 1323 1594 1390 q,
1614 1301 1811 1382 coincidet,
1836 1304 1959 1374 iterum
1976 1329 2160 1384 annotatur
2179 1324 2216 1389 iu
2235 1348 2335 1413 parte

808 1403 948 1486 mobili,
964 1421 998 1469 et
1017 1405 1066 1470 sic
1087 1407 1195 1502 scalae
1214 1407 1303 1472 basis
1322 1407 1518 1490 obtinetur,
1535 1433 1620 1498 quae
1640 1415 1676 1476 in
1696 1437 1737 1482 to
1752 1431 1868 1504 partes
1885 1421 2041 1507 aequales
2061 1424 2238 1502 diuiditur.
2262 1441 2332 1507 Po·

812 1535 929 1584 terunt
947 1518 1010 1610 bae
1028 1535 1142 1606 partes
1160 1543 1293 1585 sursum
1310 1543 1424 1586 versus
1446 1522 1645 1609 prolongari
1658 1573 1669 1598 ,
1684 1541 1738 1608 et,
1759 1525 1930 1615 siquidem
1949 1535 2067 1602 annuli
2088 1541 2157 1616 sint
2175 1568 2333 1620 accurate
2351 1569 2355 1580 '

808 1629 964 1716 ejusdem
995 1629 1240 1714 magnitudinis
1267 1648 1302 1698 et
1329 1631 1516 1724 ponderis,
1551 1633 1701 1720 singulae
1725 1655 1839 1725 partes
1861 1663 2078 1728 augmentum
2103 1655 2202 1722 unius
2235 1669 2331 1745 grani

808 1741 1025 1806 indicabunt.
1058 1743 1106 1805 Ut
1127 1764 1207 1807 vero
1227 1759 1359 1808 constet
1378 1743 1421 1806 de
1442 1741 1506 1808 bac
1524 1745 1730 1814 annulorum
1750 1752 1978 1841 aequalitate,
1998 1762 2246 1849 appenduntur
2259 1775 2328 1840 ite-

809 1877 887 1918 rum
912 1876 951 1919 ιο
973 1876 1076 1948 grana
1097 1877 1114 1916 a
1137 1869 1233 1938 parte
1252 1879 1296 1934 a,
1322 1871 1356 1920 et
1379 1857 1599 1940 observatur,
1625 1887 1708 1930 num
1731 1865 1823 1936 idem
1840 1871 2033 1939 obtineatur
2055 1881 2215 1966 spatium.
2260 1891 2332 1960 Hac

812 1965 945 2031 ratione
965 1963 1312 2051 exploratur,utrum
1329 1992 1445 2037 omnes
1463 1989 1601 2038 catenae
1613 1975 1734 2042 annuli
1757 1979 1826 2044 siut
1843 1985 2174 2072 aequiponderautes
2193 2019 2258 2079 nec
2273 2023 2329 2081 ue,

812 2095 848 2144 et
873 2075 963 2142 scala
987 2077 1182 2142 conficitur.
1225 2079 1356 2146 Nonius
1381 2099 1496 2152 autem
1520 2084 1622 2154 facile
1648 2089 1846 2177 obtinetur,
1868 2098 1898 2161 si
1918 2101 2086 2188 asserculo
2113 2109 2194 2176 fixo.
2213 2137 2258 2182 no
2285 2119 2327 2184 ab

672 2239 676 2251 .
805 2209 952 2279 utraque
982 2207 1081 2281 parte
1106 2190 1230 2280 puncti
1257 2217 1278 2279 q
1305 2193 1422 2281 exigua
1447 2198 1538 2266 scala
1564 2223 1611 2288 qp
1639 2201 1819 2288 addatur„
1840 2211 2002 2293 caineto
2027 2224 2329 2307 partesundeoim
2361 2279 2365 2286 ·

811 2300 918 2368 scalae
946 2299 1082 2368 mobilis
1116 2302 1361 2392 respondeant.
1419 2309 1477 2378 Sic
1507 2312 1661 2382 decimae
1688 2319 1786 2402 graui
1812 2337 1925 2410 partes
1952 2327 2125 2400 observari
2153 2352 2329 2427 poterunt.

806 2411 976 2505 Expedite
997 2436 1079 2500 ergo
1100 2431 1135 2481 et
1155 2416 1257 2483 facile
1281 2418 1452 2486 habentur
1474 2423 1688 2493 humiditatis
1710 2429 1924 2502 incrementa
1946 2453 1980 2504 et
2000 2439 2234 2516 decrementa.

631 2530 718 2616 Fig.
743 2529 775 2595 6.
807 2524 1072 2610 Hygrometrum
1093 2524 1137 2590 ol.
1156 2527 1334 2593 Liidr'cke·
1349 2527 1413 2613 (A
1432 2549 1468 2598 et
1488 2535 1522 2600 B
1545 2535 1639 2608 Gito.
1662 2536 1758 2610 Anu.
1780 2539 1809 2603 1.
1829 2559 1904 2630 292.
1929 2546 2019 2618 Tab.
2034 2554 2076 2622 V.
2096 2554 2220 2641 ΕΜ
2236 2579 2272 2632 ,2
2291 2569 2325 2636 6,

808 2637 889 2703 Oet
908 2636 946 2701 D
970 2633 1099 2701 ibidem
1120 2639 1164 2704 V.
1189 2661 1242 2726 79.
1271 2639 1350 2725 figg.
1372 2662 1447 2729 pet
1464 2648 1523 2736 3,)
1816 2677 1819 2690 ,

709 2830 713 2839 1
739 2752 780 2818 Α
805 2765 913 2816 totum
933 2747 1204 2815 instrumentum
1226 2775 1244 2816 a
1267 2768 1364 2840 parte
1386 2757 1564 2826 auteriori.

694 2835 702 2852 ι
742 2863 777 2928 Β
799 2863 904 2928 iudex
927 2888 945 2927 a
968 2878 1067 2952 parte
1089 2863 1265 2956 superiore
1288 2883 1535 2960 conspectum·
1906 2937 1909 2950 ‚
1999 2939 2005 2950 .

679 2972 789 3038 abode
809 2977 958 3038 staterae
971 2973 1113 3058 species.
1151 2973 1207 3039 Ad
1222 2999 1246 3040 a
1260 2978 1329 3043 etb
1349 2976 1554 3047 foraminula
1572 2981 1718 3072 adsunt,
1732 3011 1797 3078 per
1820 3015 1908 3084 quae
1927 2995 2131 3068 filaserieea
2148 3019 2329 3080 transeunt

806 3081 1052 3170 suspendendo
1072 3100 1106 3148 et
1130 3081 1284 3174 lapidem
1315 3087 1599 3179 bygroscopioum
1617 3097 1654 3184 f
1671 3088 2112 3196 etlibramentumg(A)·
2155 3117 2212 3182 Ad
2238 3125 2268 3200 ‚d
2291 3141 2326 3190 et
2425 3141 2429 3150 '

807 3221 826 3263 e
845 3197 909 3284 (B)
932 3195 1100 3260 incisurae
1122 3195 1372 3282 inveniuntur,
1392 3223 1457 3289 per
1479 3227 1562 3294 quas
1581 3208 1703 3276 similia
1723 3211 1781 3278 iila
1802 3230 1987 3286 ‘transeunt
2008 3223 2074 3312 ipsi
2095 3223 2223 3294 bilauoi
2248 3255 2327 3300 sus·

708 3301 711 3310 ’
806 3303 1030 3400 pendendae.
1075 3303 1132 3372 nd
1153 3331 1172 3375 o
1194 3307 1376 3380 brachium
1394 3311 1431 3380 in
1452 3315 1587 3409 apicem
1606 3337 1741 3391 tenuem
1764 3325 1960 3414 elongatur,
1980 3330 2104 3400 indicis
2126 3337 2215 3406 vices
2237 3341 2325 3410 fisu-
2361 3395 2365 3400 -

804 3437 950 3506 gentem.

767 3535 893 3622 lapsas
932 3555 1063 3628 cuprea
1087 3535 1309 3624 prominens,
1335 3546 1372 3622 1}
1393 3541 1476 3630 poll.
1495 3541 1619 3630 longa,
1648 3573 1668 3614 a
1694 3573 1761 3642 qua
1784 3570 1908 3624 statera
1933 3559 2076 3650 pendet.
2120 3559 2262 3630 Constat
2285 3589 2327 3633 cx

800 3643 940 3732 forcipis
967 3647 1081 3736 specie
1111 3648 1338 3740 (Klo'bcbenl,
1352 3653 1575 3742 fiscane),
1596 3681 1660 3746 per
1684 3661 1767 3728 duas
1791 3666 1945 3734 cochleas
1968 3669 2229 3756 adstringendi,
2253 3701 2324 3765 quo

802 3754 997 3823 retinentur
1020 3760 1098 3840 fila,
1121 3776 1280 3852 staterum
1302 3767 1465 3840 gerentia.

736 3893 781 3934 no
803 3869 1021 3934 instrumenti
1045 3869 1157 3950 basis,
1181 3889 1330 3959 cuprea,
1365 3867 1668 3960 quadrangularis,
1690 3879 1732 3962 δὲ
1753 3875 1837 3968 poll.
1852 3827 1976 3948 dread.
1995 3881 2106 3975 longa.
2133 3895 2136 3902 '

720 3994 775 4050 ret
797 4005 876 4072 pars
910 3981 1133 4048 instrumenti
1166 3981 1355 4074 posterior,
1388 3979 1513 4050 lamina
1544 4007 1673 4077 cuprea
1708 3988 1899 4079 angularis,
1935 3995 2119 4082 affigendus
2152 4021 2320 4090 staterae,

800 4109 883 4160 ets.
907 4117 944 4182 p.

720 4290 723 4308 ‚
758 4231 783 4274 u
805 4223 976 4298 punctum
997 4209 1227 4302 suspensionis
1249 4209 1608 4294 totius4instrnmenti.
1644 4199 1648 4205 ¹

728 4344 785 4410 pq
808 4319 897 4387 scala
920 4343 962 4386 ex
985 4345 1068 4388 arou
1091 4321 1252 4390 circulari
1273 4323 1311 4386 in
1333 4325 1376 4390 60
1396 4339 1511 4411 partes
1532 4323 1655 4394 diviso.

725 4433 776 4498 im
796 4434 1105 4528 perpendiculum·

741 4543 781 4610 kl
798 4564 999 4633 apparatus,
1026 4568 1095 4638 quo
1120 4543 1225 4610 nimia
1250 4545 1494 4636 perpendiculi
1519 4547 1696 4616 concussio
1713 4547 1753 4616 iu
1771 4556 2057 4642 transportatione
2076 4559 2275 4651 impeditur.

628 4653 711 4722 0οῑ
732 4651 772 4720 D
795 4671 921 4724 statera
948 4661 1144 4752 immutata,
1173 4671 1211 4722 ut
1231 4655 1398 4725 oscillatio
1415 4657 1560 4746 lapidis,
1583 4660 1612 4724 si
1636 4669 1922 4754 transportatam}
1935 4667 2099 4758 impediri
2124 4679 2239 4762 possit.
2287 4687 2322 4753 0

776 4785 921 4860 ¹statera
944 4800 963 4840 a
985 4773 1175 4862 superiori,
1204 4771 1242 4844 D,
1262 4797 1281 4840 a
1301 4771 1409 4852 latere
1432 4789 1627 4861 conspectu.

718 4880 780 4950 bec
802 4901 933 4950 sacoma
955 4881 1140 4950 immobile.
1491 4876 1498 4890 ’

757 5015 781 5060 o
806 5017 883 5084 pars
905 4997 1103 5083 stateraein
1125 4992 1246 5060 furcae
1269 4995 1417 5085 speeiem
1439 4995 1568 5084 divisa,
1591 4999 1645 5066 cui
1665 4997 1753 5094 lapis
1775 5005 1983 5076 annectitur.
