5216 6270
660 579 703 647 oa
877 571 1204 646 aucxartmtt
1246 573 1458 646 cauom
1498 572 1811 680 GUILlEle
1853 569 2128 648 SUERM'AN

664 779 707 824 ex
728 756 907 847 disputatis
937 755 1191 824 conclusionem
1210 757 1373 826 faciamus
1396 753 1446 823 de·
1463 760 1590 848 optima
1618 759 1779 840 materie,
1799 757 1949 847 patebit,
1975 754 2138 847 capillum
2168 758 2297 828 elixum
2317 777 2356 830 ec

660 869 863 936 substantias
888 867 1072 954 vegetales,
1106 891 1194 957 quac
1223 868 1418 960 torquendo
1455 868 1613 936 ellectum
1646 870 1826 965 produnt,
1851 884 2026 960 praestare
2053 868 2256 952 scurilitate,
2285 877 2353 942 ba·

660 983 782 1052 leenae
794 981 936 1048 barbam
956 982 1203 1074 progrcssionis
1221 979 1461 1070 simplicitate,
1486 981 1638 1050 eandem
1656 983 1835 1050 maceriem
1854 1004 1996 1053 necnon
2022 980 2190 1070 capillum
2209 1003 2354 1068 compa-

660 1091 850 1172 rabilitatc,
872 1093 1001 1160 nullam
1027 1101 1109 1163 re‘ro
1135 1093 1425 1174 immutabilitate,
1453 1117 1522 1186 qna
1547 1111 1661 1162 tamon
1684 1097 1723 1162 in
1743 1118 1844 1163 causa
1862 1093 2007 1186 reliquis
2026 1095 2230 1164 materiebus
2248 1119 2356 1186 pree.-

659 1204 804 1275 terenda
826 1223 908 1276 sunt
932 1205 1102 1286 chordae,
1125 1205 1260 1298 capilli,
1282 1207 1430 1276 sericum
1450 1223 1486 1274 ct
1506 1208 1662 1277 Manna

661 1331 670 1368 i

1448 1406 1482 1492 ς.
1524 1404 1583 1472 52.

1053 1599 1291 1689 Dijudicutio
1321 1598 1513 1666 variarum
1544 1597 1737 1668 indicandi
1759 1601 1952 1670 rationum·

701 1791 874 1872 Diximus,
905 1806 1065 1882 quartam
1092 1793 1304 1882 bygrome'tri
1333 1792 1569 1862 conditionem
1601 1817 1673 1862 esse
1704 1795 1939 1863 extentionem
1964 1793 2044 1860 caus
2066 1794 2229 1889 amplam,
2264 1795 2360 1890 dnae

660 1901 737 1972 eum
759 1905 956 1972 obtineatur
979 1905 1139 1994 inprimis
1164 1931 1228 1997 per
1258 1905 1432 1990 indicem,
1465 1909 1534 1994 jam
1567 1908 1735 1995 judicium
1761 1908 1830 1975 erit
1857 1907 2040 1975 serendum
2059 1907 2103 1974 de
2136 1909 2228 1976 varia
2254 1909 2354 1977 indi·

657 2016 759 2084 candi
787 2017 929 2084 ratione.
975 2016 1133 2103 Singulas
1164 2041 1245 2106 ergo
1272 2019 1376 2105 hujus
1398 2017 1519 2086 classes
1548 2043 1800 2109 percurramus.

700 2131 781 2220 Quo
802 2129 990 2222 simplicior
1006 2129 1135 2208 i,ndex
1158 2151 1202 2197 eo
1222 2153 1380 2220 quoque,
1399 2133 1519 2195 ceteris
1535 2132 1694 2222 paribus,
1720 2134 1788 2198 erit
1811 2130 1943 2198 melior.
1985 2133 2030 2200 In
2056 2150 2256 2227 apparatum
2274 2154 2361 2222 ergo

655 2239 880 2309 revolubilem
906 2239 992 2306 nibil
1018 2257 1069 2306 cst
1097 2237 1467 2318 animadvertendum,
1486 2240 1552 2309 nisi
1569 2242 1662 2336 ipsa,
1685 2267 1739 2312 cur
1730 2243 1985 2332 intorquendi
2003 2245 2130 2314 modus
2146 2249 2352 2337 exponitur,

547 2415 553 2422 ἡ
658 2351 853 2419 difficultas.

695 2463 881 2535 Methodus
915 2479 1026 2532 autem
1050 2465 1180 2543 altera,
1217 2488 1286 2556 qua
1317 2462 1505 2532 mercurius
1530 2463 1666 2532 indicat·
1692 2469 1888 2557 capacitatis
1907 2469 2203 2553 immutationem,
2230 2495 2295 2561 per
2311 2495 2355 2538 se

657 2600 789 2648 errores
813 2576 966 2658 inducit,
995 2599 1064 2643 non
1087 2577 1278 2645 evitandos.

696 2711 725 2760 1.
749 2690 1009 2783 Hydrargyrum
1030 2693 1121 2758 enim
1147 2719 1272 2783 purum
1297 2697 1334 2760 in
1365 2711 1531 2787 apparatu
1555 2692 1670 2761 adesse
1702 2713 1778 2760 non·
1808 2709 1942 2785 potest,
1969 2698 2101 2786 quippo
2127 2699 2181 2763 cui
2214 2719 2351 2784 semper

656 2809 743 2875 airis
772 2828 811 2871 ac
834 2803 969 2894 vaporis
993 2805 1179 2894 particulae
1203 2805 1445 2874 inhaerebunt.
1492 2809 1677 2876 Methodus
1700 2808 1773 2875 scil.
1764 2855 1796 2892 .,
1820 2833 1887 2898 qua
1909 2811 2028 2875 omuis
2043 2817 2102 2874 adr
2130 2833 2174 2874 ex
2193 2810 2348 2879 thermot-

652 2936 764 2986 metro
790 2915 993 3010 expellitur,
1018 2917 1271 3009 hydrargyrum
1301 2917 1349 2985 ad
1372 2917 1610 2988 ebullitionem
1639 2919 1888 3011 perducendo,
1912 2923 1963 2988 ob
1979 2919 2126 2988 balbum
2153 2919 2345 3068 hygroscor·

653 3035 789 3126 picum,
813 3029 875 3098 liic
898 3029 1064 3123 applicari
1087 3034 1223 3126 nequit.

695 3143 951 3228 mPrasterea,
977 3167 1084 3235 quum
1111 3144 1194 3212 vasis
1214 3147 1366 3235 parietes
1382 3149 1463 3216 satis
1491 3165 1616 3218 tenues
1632 3173 1703 3218 esse
1731 3149 1899 3228 debcant,
1925 3165 1962 3215 ut
1985 3145 2070 3213 liant
2089 3146 2251 3231 sensiles,
2273 3171 2349 3216 me·-

654 3277 707 3328 tus
736 3276 805 3344 est,
828 3281 872 3325 ne
897 3257 936 3327 ui
951 3258 1113 3326 mercurii
1143 3276 1324 3356 premente
1359 3260 1458 3327 nimis
1481 3261 1717 3331 distrahantur
1740 3261 1850 3328 fibrae
1880 3275 1918 3326 ct
1937 3259 2000 3344 sio}
2016 3273 2165 3326 mutatae
2195 3260 2349 3330 materiai

652 3379 813 3446 turbetur
833 3375 1010 3447 indicatio.

695 3487 822 3574 Quoad
857 3489 991 3554 tertiam
1029 3487 1251 3565 methodum,
1288 3485 1460 3555 recentior
1488 3488 1629 3578 physica
1661 3487 1795 3574 aegrior
1827 3483 1960 3552 indices
1991 3482 2168 3565 admittit,
2198 3485 2355 3574 qui'pcr·

653 3599 864 3682 trocbl'eam,
884 3613 943 3662 aut
964 3614 1115 3674 vectem,
1141 3597 1245 3667 aliave
1264 3601 1396 3666 ratione
1413 3595 1718 3664 effectusminutos
1745 3601 1863 3682 majori
1881 3597 1971 3664 scala
1998 3596 2161 3665 referant.
2209 3595 2346 3686 Quam·

625 3717 703 3784 ‘vis
724 3713 818 3778 enim
843 3710 909 3776 hac
935 3713 972 3774 in
998 3731 1096 3776 causa
1125 3713 1255 3798 egregie
1285 3711 1472 3779 schabest
1499 3708 1656 3789 theoria,
1680 3707 1865 3796 possitque
1890 3708 2104 3774 mechanicas
2137 3708 2262 3792 regulis
2288 3708 2346 3772 sa-

655 3827 780 3897 cillime
804 3847 844 3890 ax
868 3821 1081 3890 indicatione
1111 3825 1302 3916 computari
1324 3845 1401 3892 vera
1418 3820 1639 3888 substantiae·
1659 3818 1823 3898 mutatio,
1854 3817 2009 3902 practice
2031 3831 2142 3882 tamen
2165 3817 2266 3881 tantis
2289 3813 2344 3882 la·

654 3944 754 4010 horat
775 3932 1058 4020 difficultatibus,
1080 3951 1119 4002 nt
1138 3937 1330 4026 perfectum
1356 3937 1420 4003 bac
1442 3935 1479 4000 in
1502 3955 1601 4000 causa
1619 3931 1884 3995 instrumentum
1912 3947 2055 4018 prorsus
2073 3949 2143 3992 non
2170 3925 2345 3994 fabrefieri

654 4057 772 4150 possit.
815 4049 946 4116 Frictio
968 4047 1061 4114 euim
1084 4051 1234 4142 partium
1258 4050 1368 4118 minui
1393 4054 1532 4140 potest,
1555 4067 1626 4113 noa
1650 4063 1732 4110 vero
1754 4039 1854 4122 tolli;
1877 4061 1989 4129 neque
2006 4039 2107 4104 etiam
2124 4038 2243 4106 evitari
2264 4043 2344 4106 exi·

653 4173 716 4255 gira
748 4164 858 4231 centri
887 4159 1117 4230 trochlearum
1144 4163 1332 4245 oscillatio,
1357 4183 1443 4250 quae
1472 4159 1584 4224 omnia
1607 4155 1651 4222 de
1679 4153 1865 4220 sensilitste
1885 4151 2104 4216 instrumenti
2124 4167 2340 4230 atquecon-

653 4282 777 4347 stantia
798 4271 1016 4341 iudicationis
1041 4271 1240 4344 detrabunt.
1284 4275 1362 4342 Erit
1382 4269 1523 4361 quidem
1551 4287 1711 4334 errorum
1734 4264 1810 4331 lons
1838 4281 1890 4327 eo·
1900 4261 2043 4344 minor,
2058 4285 2138 4352 quo
2156 4262 2342 4353 simplicior

637 4381 704 4460 ¹cat
730 4389 906 4457 machinae
930 4383 1082 4470 lubrica,
1111 4403 1146 4454 at
1182 4391 1253 4455 hac*
1274 4389 1312 4452 iu
1337 4407 1436 4451 causa
1459 4383 1517 4450 vix
1542 4381 1759 4469 hygrometra
1789 4374 2038 4463 antiquorum,
2060 4376 2144 4444 rotir
2173 4375 2348 4444 instructo

652 4511 688 4569 et
717 4499 926 4586 pancratiis,
951 4517 1028 4564 curn
1054 4495 1199 4585 eleganti
1226 4497 1287 4567 Cl..
1309 4499 1353 4566 dc
1383 4497 1565 4565 Suusaure
1589 4489 1641 4559 vel
1665 4490 1708 4554 dc
1730 4487 1811 4552 Luc
1835 4504 2010 4574 apparatu.
2032 4487 2221 4575 comparari
2253 4509 2338 4576 pos·

653 4629 745 4681 sunt.
788 4610 1021 4678 Veruntamen
1043 4627 1078 4676 et
1107 4609 1144 4678 bi
1172 4609 1342 4680 frictionis
1370 4632 1411 4678 ao
1435 4599 1652 4674 oscillationis
1673 4596 1763 4663 vitiis
1790 4620 1861 4663 non
1890 4601 2030 4668 omnino
2053 4615 2135 4668 sunt
2156 4599 2348 4686 immunes,

626 4725 801 4812 *ideoque
820 4717 1010 4788 laudandus
1034 4739 1085 4790 est
1108 4723 1289 4805 Babinet,
1312 4721 1401 4810 qui,
1416 4713 1609 4784 immediate
1633 4709 1771 4776 filorum
1801 4707 2038 4778 dilatationem
2069 4715 2269 4796 observans,
2299 4714 2337 4780 in

652 4838 871 4908 micromctro
897 4829 1005 4898 scalae
1027 4830 1229 4902 divisionem
1247 4829 1533 4904 accuratissimam
1547 4821 1739 4904 iuvenirct,
1752 4842 1794 4888 ac
1806 4843 1870 4912 per
1891 4821 2152 4914 microscopium
2174 4825 2333 4896 effectum

572 5031 577 5041 ι
651 4962 816 5042 agerat„
832 4939 1173 5039 plurimiserrorum
1190 4947 1346 5017 lontibus
1370 4939 1492 5012 missis·
1537 4935 1702 5006 Euanim
1720 4949 1781 5003 eso
1791 4937 1972 5026 utrimque
1995 4933 2344 5025 hujusinstrumsntb

1464 5081 1467 5088 λ
1608 5080 1620 5088 ⁴·
2246 5069 2340 5138 peres
