5216 6270
472 547 824 678 'nassonem
859 621 921 678 an
957 553 1383 699 Qusrs'urorvsn
1416 606 1719 687 rnrsrenn.
1921 573 1965 688 ιι

260 799 524 892 Hygrometrnm
543 765 651 884 ergo,
676 737 777 884 quale
801 787 1045 884 descripsimus
1069 796 1126 882 (ς.
1144 812 1186 882 ²7
1209 811 1245 864 et
1263 797 1341 880 δι),
1361 797 1426 866 sihi
1450 797 1662 888 comparavit
1677 817 1720 866 ax
1741 779 1905 868 oliorda
1892 819 1956 867 ιιι-

260 915 381 986 teatina
385 912 410 980 li
429 924 608 995 contorta,
631 905 729 995 eujus
753 905 869 994 loges,
893 933 913 974 a
938 908 1049 1000 priori
1038 906 1281 1000 exploratas,
1303 907 1385 978 dein
1406 913 1651 1004 experimentis
1670 909 1955 998 confirmaverat,

251 1053 330 1120 mun
354 1043 466 1098 tumen
495 1021 726 1096 determinati
759 1019 982 1090 instrumenti
1013 1019 1115 1092 scald.
1165 1021 1338 1116 Deinceps
1366 1025 1543 1098 collocavit
1570 1025 1672 1094 talem
1696 1023 1892 1096 machinam
1917 1027 1958 1094 in

262 1153 428 1236 eampa'na
458 1137 595 1222 elassa,
627 1136 726 1222 eujus
751 1141 866 1204 air-em
892 1133 1075 1206 humidum
1097 1126 1270 1207 reddebat
1301 1165 1365 1230 per
1387 1141 1664 1234 evaporationem
1685 1163 1813 1232 aquae.
1835 1137 1958 1208 eodem

251 1253 503 1360 introductae,
521 1250 607 1318 dum
638 1246 783 1336 gradum
810 1245 1024 1320 humiditatis
1052 1271 1118 1338 per
1138 1255 1365 1336 quantitatem
1386 1251 1490 1342 hnjns
1517 1277 1626 1348 aquae
1658 1268 1861 1343 evaporatus
1886 1236 1957 1320 de·

251 1345 478 1453 terminabat·
522 1363 581 1433 Sis
596 1385 676 1454 ergo
698 1358 866 1452 quasdam
884 1361 1095 1431 humiditatis
1114 1363 1206 1454 leges
1231 1370 1375 1445 deterit.
1399 1369 1519 1459 Quum
1538 1391 1622 1439 uero
1644 1367 1854 1460 hygrometri
1872 1389 1955 1436 mu·

249 1486 446 1565 tationem,
467 1481 538 1548 sive
560 1498 678 1548 versus
700 1473 945 1545 humiditatem
973 1479 1042 1546 sive
1070 1502 1186 1548 versus
1210 1481 1417 1560 siceitatem,
1442 1500 1607 1576 tanquam
1631 1480 1845 1549 functionem
1873 1495 1959 1546 tem·

171 1653 174 1662 ,
248 1597 351 1694 poris
380 1587 633 1678 consideraret,
655 1613 720 1683 per
746 1589 842 1684 quod
868 1587 1052 1660 duraverat
1082 1587 1301 1686 evaporatio,
1330 1614 1448 1665 nostre
1469 1619 1575 1690 scopo
1598 1618 1664 1661 nee
1680 1591 1818 1660 multa
1807 1589 1961 1678 rnatitnit

254 1711 511 1803 experimenta,
544 1730 613 1776 nee
637 1724 807 1776 securata.
864 1707 963 1796 Quae
996 1725 1110 1780 tamen
1138 1707 1232 1804 apud
1258 1733 1338 1779 eum
1362 1709 1500 1794 inveni,
1534 1708 1581 1776 ito
1604 1703 1801 1798 proferam,
1821 1717 1863 1770 ut
1893 1701 1958 1770 iini

251 1829 362 1913 huius
391 1823 635 1918 disputationis
656 1821 904 1915 respondeant.

254 1938 480 2042 Duplieem
516 1962 600 2026 ergo
625 1960 797 2026 aggressus
822 1953 874 2008 est
903 1938 1217 2034 experimentorum
1249 1935 1398 2024 seriem,
1428 1950 1469 2002 ιιι
1506 1947 1720 2022 compararet
1757 1943 1957 2028 evaporatus

251 2079 362 2146 pquae
389 2055 619 2146 quantitatem
638 2075 716 2162 eum
737 2051 947 2140 hygrometri
976 2074 1017 2116 ae
1046 2051 1210 2139 temporis
1233 2045 1485 2146 progressione.
1529 2044 1689 2140 Implevit
1713 2045 1835 2116 tubum
1852 2041 1955 2108 ther·

248 2165 508 2256 prometrioum
529 2186 637 2268 aqua,
657 2149 806 2248 era'mque
825 2161 1092 2228 eolloeavituua
1116 2185 1195 2228 eum
1215 2163 1460 2258 hygrometro‚
1482 2163 1580 2252 enjus
1603 2153 1955 2234 ehordao.3851in.

249 2285 292 2368 in
321 2280 491 2359 diametro
518 2257 654 2346 tenebat
675 2289 711 2344 et
731 2277 794 2360 55,
804 2277 827 2344 5
849 2267 913 2341 ιιι
946 2269 1047 2362 longa
1068 2289 1163 2359 erat,
1194 2274 1233 2342 in
1259 2298 1336 2346 vase
1361 2279 1473 2344 vitreo
1499 2275 1699 2375 rapacitatis
1723 2277 1766 2364 39
1789 2267 1983 2365 pollicum!

257 2389 470 2463 eubieorum.

302 2505 389 2572 Cum
415 2523 497 2570 vero
523 2495 658 2566 tubus·
647 2519 686 2564 tn
716 2493 824 2565 lineas
851 2514 941 2566 estet
971 2497 1121 2582 divisus,
1142 2501 1349 2574 observabat
1370 2503 1511 2590 singulis
1530 2491 1653 2572 diebus
1675 2497 1844 2570 matutino
1863 2513 1956 2566 tent·

254 2573 346 2706 pore
373 2611 587 2720 hygrometri
618 2625 722 2700 atque
751 2613 999 2701 evaporationis
1030 2616 1316 2726 progressionem.
1362 2615 1552 2708 Sequentia
1576 2631 1692 2684 autem
1712 2607 1954 2704 experimenta

258 2752 347 2822 qnae
370 2748 526 2798 nostrum
546 2742 787 2830 argumentum
809 2744 992 2816 spectant,
1015 2751 1058 2798 ex
1079 2731 1218 2824 eopiosa
1244 2731 1332 2800 serio
1358 2717 1529 2810 desumto,
1547 2729 1612 2798 lais
1632 2748 1840 2826 proponam
1934 2721 1942 2734 ’

560 3121 563 3129 ·
664 3081 1046 3154 errumnrrrnrt.
1137 3085 1184 3158 ΙΙ.
1207 3099 1538 3180 axrsnrnasrurr.
1610 3055 1613 3062 ¹

1106 3229 1569 3250 ψ

615 3250 617 3261 ’
660 3293 740 3362 ιιι
806 3294 916 3365 end.
935 3259 943 3432 Ι
959 3265 1076 3368 niues.
1136 3300 1218 3368 tn.
1289 3279 1401 3369 erin.
1439 3299 1560 3366 ossea.
