5216 6270
642 567 684 638 al
852 562 1190 640 ALEXANDRI
1235 561 1454 638 ennom
1497 559 1818 636 GUILIELMI
1861 552 2139 636 SUERMAN

705 764 754 820 π’.
777 751 863 820 Fila
891 751 1096 820 cannabino
1117 759 1304 827 contexta,
1325 772 1412 841 qnae
1439 747 1534 815 hune
1561 746 1599 814 in
1627 745 1733 816 linem
1763 744 1921 838 edtptrri
1943 759 2108 838 possunt,
2134 745 2294 840 inprimis
2322 749 2353 818 ti

652 862 751 932 ulenli
783 861 914 930 fuerint
945 861 1095 950 gravida.
1140 861 1250 946 Hujus
1283 861 1416 948 generis
1447 859 1675 928 instrumenta
1708 859 1922 950 descripsero
1954 856 2005 926 W
2008 856 2074 948 ⁰lff
2101 875 2137 926 ot
2165 861 2351 949 Leupold,

649 977 822 1046 recentius
847 988 960 1042 antem
981 970 1141 1038 adhibuit
1166 971 1349 1041 Snteaton.

694 1093 743 1160 5⁰.
771 1088 936 1157 chordas
958 1086 1200 1153 intestinales.
1243 1086 1414 1154 Perantur
1441 1107 1501 1154 eae
1526 1107 1569 1154 ex
1587 1086 1780 1170 intestinis,
1803 1106 1891 1178 quus
1910 1083 1940 1152 si
1970 1091 2052 1152 aire
2071 1105 2144 1152 non
2170 1100 2350 1164 tumeant,

647 1199 710 1270 sed
730 1200 836 1292 plana
853 1199 990 1285 longum
1006 1197 1161 1266 reserant
1180 1197 1316 1283 aniam,
1339 1200 1430 1267 bene
1443 1197 1595 1268 madida
1614 1200 1659 1267 ita
1678 1199 1948 1288 intorquentur,
1967 1215 2007 1266 ut
2032 1197 2183 1290 cylindri
2206 1195 2350 1265 sormam

649 1329 832 1384 resumant.
890 1311 989 1378 Hane
1022 1309 1200 1380 materiam
1230 1309 1444 1396 adhibuere,
1477 1314 1592 1406 primo
1629 1315 1698 1399 jam
1732 1310 1986 1402 Hygrosoopiae
2028 1328 2200 1402 tempore,
2235 1311 2349 1378 Moli·

647 1449 743 1494 nezer
765 1425 854 1514 (t),
886 1425 1013 1491 Sturm
1034 1427 1120 1507 (r),
1154 1423 1333 1512 Tendert,
1354 1425 1614 1500 Liciteelleid,
1638 1425 1803 1516 Leupold
1825 1421 1920 1514 (5),
1952 1440 2071 1514 poster
2091 1439 2206 1491 antem
2229 1424 2350 1490 Lam·

647 1536 750 1621 ὄρνι,
786 1539 884 1624 eujus
914 1535 1116 1604 auctoritate
1149 1536 1264 1626 primo
1291 1537 1366 1607 sere
1392 1539 1485 1606 inter
1511 1539 1708 1631 antiquiore
1734 1535 1863 1605 habere
1890 1534 2067 1628 solebant,
2101 1559 2188 1630 quae
2215 1557 2258 1603 ex
2281 1534 2352 1612 'hae

647 1649 903 1734 coniiciuntur,
925 1649 1142 1739 hygrometra
1164 1649 1256 1736 (4).

688 1765 928 1830 intumescunt
950 1775 1064 1826 autem
1090 1757 1241 1828 chordae
1267 1783 1333 1852 per
1351 1787 1500 1854 equam,
1521 1787 1641 1834 earnm
1662 1785 1767 1862 poros
1784 1777 2036 1860 penetrantem.
2081 1761 2262 1856 Siquidm
2282 1761 2351 1831 hoo

644 1871 827 1946 voluminis
849 1875 1102 1940 incrementum
1126 1873 1170 1939 ab
1206 1875 1300 1940 omni
1322 1892 1423 1967 parte
1443 1877 1537 1946 idem
1558 1893 1669 1961 esset,
1699 1877 1875 1946 observari
1902 1877 1959 1946 vix
1984 1875 2101 1972 possit.
2146 1877 2265 1966 Quum
2287 1899 2352 1943 ve·

650 2007 692 2060 ro
719 1985 830 2054 fibrae
857 2002 1069 2058 transversae
1092 1985 1202 2054 multo
1225 1989 1329 2074 magis
1350 1991 1548 2060 increscunt
1572 2017 1676 2084 quam
1707 1988 1995 2078 longitudiueles,
2017 1989 2213 2084 insequitur
2245 1987 2352 2076 ipsius

646 2099 810 2171 materiae
832 2099 1000 2168 revolutio
1018 2079 1213 2168 introrsum
1229 2100 1281 2170 vel
1305 2117 1515 2182 retrorsum,
1538 2103 1638 2168 iaeile
1663 2087 1879 2183 observanda
1899 2125 1964 2192 per
1981 2099 2145 2168 indicem.
2217 2187 2223 2195 β

689 2209 790 2278 Hane
807 2214 974 2282 actionem
994 2213 1156 2304 inprimis
1177 2209 1352 2298 indagavit
1375 2206 1439 2276 cel.
1461 2209 1655 2293 Lambere,
1678 2209 1739 2298 qui
1759 2227 1944 2300 postquam
1973 2209 2123 2278 chordae
2142 2197 2352 2281 structurum

642 2322 833 2394 theoretice
861 2340 1090 2416 exposuerat,
1122 2323 1301 2410 ipsiusque
1328 2319 1534 2388 diametrum
1557 2321 1647 2388 beno
1675 2322 1920 2413 experimentis
1948 2317 2257 2407 determinaverat,
2281 2325 2350 2392 de·

642 2439 753 2520 texit,
776 2461 893 2506 omnes
915 2435 1082 2520 chordas,
1103 2435 1134 2501 si
1161 2428 1318 2528 ejnsdem
1345 2431 1417 2498 sint
1440 2431 1576 2502 uirtutis
1604 2425 1793 2524 eudqune
1820 2433 1954 2503 rationo
1984 2449 2173 2524 parentur,
2196 2459 2349 2528 sequen·

645 2549 738 2616 tibus
764 2545 907 2614 obedire
935 2545 1093 2644 legilrust

690 2681 722 2728 1·
757 2657 927 2728 Numerus
955 2655 1209 2728 revolutionum
1226 2668 1278 2724 est
1299 2653 1339 2725 in
1358 2655 1491 2726 ratione
1520 2657 1657 2726 inversa
1687 2653 1846 2728 diametri
1877 2655 2028 2728 chordas
2055 2673 2091 2728 et
2118 2657 2251 2733 directa
2275 2663 2348 2752 ejus

644 2771 884 2861 longitudinis.

689 2907 724 2958 a.
759 2885 926 2954 Celeriter
952 2883 1206 2982 revolutionum
1233 2903 1285 2956 est
1312 2888 1351 2954 in
1384 2887 1518 2958 ratione
1550 2887 1683 2958 diretta
1713 2883 1942 2974 longitudinir
1970 2883 2120 2955 chordae
2153 2905 2189 2958 et
2215 2891 2350 2960 inversa

650 3001 726 3086 eins
761 2995 931 3066 diametri.
976 2999 1071 3086 Quas
1102 2997 1195 3085 leges
1225 3024 1245 3067 a
1277 3001 1388 3092 priori
1415 2998 1581 3068 deductas
1604 2999 1822 3086 confirmavit
1844 3023 1914 3091 ,per
1935 2999 2189 3072 observationes
2213 3003 2253 3074 in
2272 3013 2352 3076 aire

647 3125 768 3202 aperto
795 3111 981 3206 institutus.
1673 3203 1677 3210 ,
2070 3113 2082 3134 “

694 3223 746 3292 De
768 3223 979 3292 chordarum
1002 3224 1265 3317 praepuitione
1297 3227 1470 3332 Senedier
1497 3225 1630 3318 egregie
1655 3225 1787 3296 monita
1812 3222 1968 3316 praetioa
1987 3217 2087 3293 dedit
2109 3223 2193 3314 (5).

1295 3469 1300 3480 .
1435 3454 1570 3536 §.na
1683 3475 1687 3487 ,

1209 3663 1271 3732 De
1292 3665 1509 3736 cubitantis&
1529 3671 1794 3738 vaseulon'dus.

695 3886 816 3961 Altera
843 3887 968 3962 harum
994 3887 1264 3958 substantiarum
1296 3885 1432 3980 elassis,
1455 3913 1544 3984 quae
1566 3891 1613 3965 ob
1631 3913 1750 3965 ervum
1777 3911 1874 3962 surm
1896 3849 2043 3964 formam
2064 3892 2270 3966 roseriam
2291 3914 2350 3969 aut

2280 4034 2353 4088 voe

686 4227 747 4304 (ι)
762 4223 835 4284 l‘hil.
855 4223 904 4284 Tr.
922 4241 951 4280 a.
967 4228 1025 4283 ter.
1044 4227 1112 4282 aeta
1130 4224 1211 4287 trad.
1228 4225 1305 4287 reue
1322 4243 1387 4308 pag·
1400 4229 1462 4305 ³⁸9·

686 4329 700 4402 ί
709 4326 746 4399 a)
765 4321 874 4399 colleg.
891 4319 994 4378 curios.
1010 4319 1144 4380 llorimlr.
1166 4323 1245 4392 162⁸.

687 4423 746 4495 (³)
763 4417 912 4497 Leupold,
930 4415 952 4476 l.
969 4434 994 4475 c.

684 4515 746 4588 (q)
764 4514 904 4572 urende
922 4513 1044 4588 Pmsae,
1063 4516 1269 4593 nepetino.
1288 4516 1339 4595 qui
1360 4524 1495 4580 undatur
1517 4517 1652 4582 idiomate
1672 4521 1831 4601 germanion
1850 4519 1982 4601 prodiere
1997 4515 2053 4581 sul>
2074 4517 2176 4588 titulae
2194 4521 2351 4611 tantem

652 4611 848 4688 Hygrsmetn'e
870 4610 938 4669 oder
959 4611 1036 4675 Abh.
1056 4633 1111 4675 von
1133 4611 1191 4674 den
1206 4613 1429 4694 Hygrometern,
1460 4636 1512 4678 aur
1534 4617 1602 4680 dem
1622 4621 1724 4684 Franz.
1742 4619 1849 4700 Augai.
1868 4627 1943 4694 rm,
1965 4629 1996 4684 et
2017 4619 2145 4698 ejusdem
2163 4619 2348 4695 romum

512 4737 517 4748 ¹
649 4713 702 4772 der
718 4711 803 4791 liygn
821 4713 923 4791 Augsb.
942 4719 1016 4786 ¹t75·

679 4810 742 4890 (5)
759 4809 857 4870 leura.
876 4811 912 4870 ds
930 4811 1014 4890 Phys.
1037 4822 1113 4888 1778.
1137 4814 1210 4880 m
1232 4822 1334 4900 piat·

802 5545 809 5560 Ι

506 5833 511 5852 l
688 5592 922 6080 Δ
