5216 6270
649 581 695 660 bi
860 584 1199 658 AL'EXANDRI
1243 585 1460 662 cauom
1507 587 1824 663 obtutaret
1867 587 2144 671 suauitati
2166 679 2170 690 ,

658 771 738 839 Nea
767 769 859 839 'euim
892 767 1103 838 substantiae
1130 768 1316 842 humiditas
1340 769 1603 844 determinanda
1629 787 1701 858 est,
1721 771 1784 842 sed
1805 771 1918 858 ebria,
1940 787 1976 845 et
1995 774 2130 845 aceedit
2150 796 2281 872 metus,
2308 809 2355 864 tre

656 884 730 974 ipsa
752 881 911 950 maasiae
930 881 1073 952 'indoles
1095 883 1144 952 tie
1167 883 1271 953 nimis
1289 898 1452 954 mutetur.
1534 913 1538 920 ·
2274 965 2279 978 ⁸
2326 973 2330 980 ι

700 995 891 1066 Lamhertt'
910 997 1046 1092 opinio,
1060 999 1099 1066 iu
1118 1017 1223 1069 vacuo
1241 995 1433 1089 plenariam
1453 996 1589 1086 vaporis
1606 997 1795 1072 absentiam
1813 1000 1991 1090 ponentis,
2003 997 2048 1068 de
2067 1021 2176 1074 vacuo
2200 1005 2356 1080 absoluto

655 1101 761 1172 modo
778 1103 890 1190 salsa,
913 1111 1011 1200 quod
1036 1110 1162 1181 outline
1183 1125 1319 1183 nostrae
1347 1106 1583 1202 pneumatioaa
1612 1106 1807 1198 producere
1825 1136 1897 1180 nou
1920 1129 2086 1206 possunt,
2110 1135 2221 1204 eoque
2244 1119 2354 1190 minus

658 1239 785 1307 quatu,
807 1220 896 1286 seria
918 1222 1096 1312 pressione
1114 1223 1296 1295 maximam
1322 1237 1452 1314 partem
1478 1216 1631 1294 sublata.
1655 1217 1756 1312 leuge
1776 1221 1909 1292 facilius
1931 1245 1975 1290 ex
2003 1225 2246 1316 superstitibus
2269 1229 2351 1322 quiss

662 1328 810 1398 busdam
831 1353 939 1421 aquae
965 1331 1144 1422 particulis
1165 1334 1246 1403 novi
1266 1355 1408 1424 vapores
1429 1343 1636 1424 exsurgant,
1662 1330 1719 1402 vix
1747 1332 1962 1404 eliminandi.

697 1433 793 1503 liihtt
825 1441 928 1526 igitur
948 1460 1101 1512 remanet
1118 1463 1259 1537 praeter
1277 1444 1437 1512 materiae
1454 1438 1655 1508 exsiccantis
1675 1441 1942 1526 adhibitionem‚
1966 1470 2034 1535 qua
2054 1441 2260 1513 absorbetur
2285 1473 2350 1518 va-

655 1567 721 1637 por
744 1553 823 1614 aere
848 1568 1044 1621 contentus.
1088 1555 1139 1622 Eo
1163 1555 1352 1644 perfectius
1377 1553 1487 1620 omnis
1507 1551 1556 1620 sio
1579 1555 1813 1623 removebitur
1836 1579 1961 1646 vapor,
1985 1579 2055 1645 qao
2078 1557 2201 1642 majori
2218 1559 2254 1624 in
2277 1587 2353 1631 euru

659 1659 821 1727 affinitate
849 1662 993 1746 gaudeat
1018 1665 1220 1732 substantia.
1266 1666 1356 1733 Hinc
1390 1661 1533 1755 reliquis
1559 1665 1788 1757 praeferenda
1815 1665 1979 1734 videntur
2009 1665 2144 1732 acidum
2173 1665 2355 1760 sulphuri·

659 1791 737 1834 cum
755 1768 1052 1841 et'chloruretum
1073 1773 1189 1844 caleis.
1231 1777 1330 1844 Lioet
1359 1775 1454 1843 euim
1481 1795 1552 1840 nou
1580 1774 1694 1842 minei
1718 1779 1846 1866 possit,
1869 1779 2059 1849 absolutam
2087 1803 2251 1873 saporum
2285 1789 2351 1854 ab·

652 1881 802 1952 sentiam
818 1907 884 1974 per
904 1886 963 1955 illa
982 1886 1122 1970 adesse,
1144 1887 1224 1954 satis
1245 1903 1356 1954 tamen
1377 1885 1528 1978 perfecta
1551 1885 1600 1954 sic
1622 1887 1796 1954 obtinetur
1815 1889 1971 1975 siccitas,
1985 1909 2024 1956 ut
2045 1907 2119 1958 tuto
2137 1917 2202 1986 pro
2222 1897 2351 1981 origine

662 1992 770 2059 scalae
791 1995 1014 2082 adhibeatur,
1037 1995 1204 2090 imprimis
1228 1995 1257 2063 si
1279 1997 1399 2076 caloris
1421 1999 1545 2068 effectu
1565 1999 1602 2065 in
1622 1999 1716 2066 huuc
1743 2007 1860 2066 aerem
1873 1997 1968 2069 nulia
1986 2001 2200 2072 humiditatis
2223 2007 2353 2076 immu-

656 2109 739 2178 tatio
760 2106 1056 2210 deprehendatur,

1429 2305 1463 2392 ς.
1509 2305 1563 2372 sa

818 2494 1060 2583 Du'judioutio
1081 2497 1332 2568 methodorum
1352 2495 1405 2564 od
1426 2493 1672 2586 definiendum
1692 2493 1895 2564 atrebatum
1915 2500 2185 2574 humiditatem.

694 2692 808 2761 Multo
827 2705 942 2756 eutem
964 2687 1175 2776 gravioribus
1195 2689 1311 2761 dubiis
1333 2689 1503 2784 premitur
1526 2695 1711 2764 maximum
1730 2686 1958 2757 humiditatis.
2005 2691 2077 2760 Hac
2098 2695 2137 2762 in
2166 2721 2265 2766 causa
2282 2724 2346 2772 ve-

650 2805 903 2874 hementissime
922 2797 1000 2866 tuit
1028 2796 1243 2888 disputatum
1262 2803 1357 2880 inter
1379 2801 1634 2894 hygrometriae
1652 2805 1918 2884 instauratores,
1942 2798 1986 2869 de
2005 2803 2086 2871 Luc
2107 2823 2142 2872 et
2164 2809 2207 2874 de
2229 2809 2348 2878 Saus»

645 2941 755 2984 eure.
797 2916 848 2982 Ut
873 2927 986 2980 autem
1015 2927 1150 3000 pateat,
1173 2930 1291 2982 utrum
1313 2915 1351 2980 in
1378 2938 1489 3008 aqua,
1520 2941 1565 2986 an
1598 2938 1681 3010 pero
1710 2916 1750 2983 in
1776 2921 1856 2979 aiiro
1883 2903 2034 2984 saturato
2062 2936 2231 3005 puuctum
2263 2920 2350 2988 illud

645 3023 895 3117 ‘quaerendum
916 3020 982 3100 sit,
1004 3037 1185 3118 utramque
1207 3041 1343 3116 partem
1365 3023 1555 3096 audiamus.

639 3197 642 3206 Δ
700 3141 763 3211 De
787 3139 868 3206 Luc
891 3150 1087 3221 argumenta
1112 3138 1238 3228 prioris
1272 3136 1462 3206 sententiae
1488 3139 1682 3228 partimur
1710 3131 1923 3204 humiditatis
1950 3134 2089 3204 notione
2116 3143 2227 3229 petit,
2258 3167 2345 3234 par·

653 3255 718 3324 tim
742 3274 785 3321 ex
807 3250 859 3317 riui
884 3249 1094 3341 bygrometri
1127 3245 1359 3318 iudicatione:

697 3389 729 3434 a.
752 3366 832 3454 Quo
850 3364 1013 3447 majorem
1043 3362 1194 3428 humoris
1224 3346 1456 3452 quantitatem⁴
1473 3383 1597 3451 corpus
1621 3361 1798 3442 eontinet,
1819 3383 1860 3426 eo
1878 3377 1930 3426 est
1954 3359 2138 3428 humidius.
2184 3361 2346 3432 Materies

654 3480 757 3564 igitur
775 3476 1019 3565 hygroscopica
1038 3500 1146 3566 aquae
1169 3475 1317 3540 immissa
1338 3493 1374 3542 et
1391 3477 1440 3546 aio
1461 3471 1672 3556 madefacta,
1696 3489 1735 3538 ut
1756 3471 1844 3538 nihil
1863 3472 2008 3562 amplius
2027 3489 2199 3551 assumat,
2217 3475 2262 3542 ad
2282 3501 2349 3542 ex·

656 3608 801 3658 tremam
827 3587 1063 3654 humiditatem
1082 3585 1253 3674 perducta
1271 3603 1332 3652 est.
1376 3587 1565 3656 Maximum
1589 3584 1803 3652 humiditatis
1826 3607 1906 3670 ergo
1928 3586 2079 3673 positum
2103 3601 2155 3652 est
2173 3588 2213 3654 iu
2237 3589 2350 3658 maxi·

557 3769 562 3780 ,
659 3726 717 3770 mo
738 3701 984 3789 penetrationis
1008 3723 1127 3790 aquae.

706 3837 738 3881 2.
761 3813 802 3880 Iu
824 3837 911 3903 aqua
939 3833 1074 3903 semper
1100 3808 1239 3876 balaena
1265 3807 1308 3876 ad
1337 3823 1506 3897 punctum
1525 3805 1618 3872 idem
1640 3805 1823 3896 pervenit,
1845 3803 2093 3896 qualiscunque
2121 3806 2226 3876 fuerit
2256 3825 2349 3890 tem·

659 3943 835 4020 peratore.
881 3926 922 3994 Iu
944 3934 1022 3990 a'e‘re
1047 3944 1128 3990 vero
1153 3921 1335 3988 maximum
1354 3919 1566 3988 humiditatis
1588 3915 1745 3985 differta
1770 3917 1916 3986 marimo
1935 3916 2196 4006 evaporationis.
2233 3922 2349 3992 Coie-

557 4105 559 4110 ,
661 4043 782 4112 eiduut
812 4038 916 4108 modo
944 4037 1028 4103 haee
1070 4033 1140 4100 duo
1174 4051 1324 4126 puncta,
1369 4033 1423 4104 vel
1448 4035 1509 4102 ubi
1544 4045 1776 4120 temperatura
1806 4053 1878 4098 nou
1910 4029 2057 4096 multum
2093 4031 2166 4098 0⁰0
2192 4051 2354 4122 superat,

573 4143 595 4156 '⁸
663 4151 749 4232 reis
769 4155 800 4219 'ei
831 4153 918 4218 haec
946 4148 1109 4216 elevatior
1137 4149 1204 4233 sit,
1232 4147 1276 4214 ad
1306 4173 1431 4236 paucos
1460 4171 1564 4236 supra
1590 4169 1713 4237 aquam
1740 4142 1893 4236 pollices.
1951 4143 2131 4211 Caeterum
2153 4163 2261 4230 vero,
2285 4170 2356 4236 quo

663 4270 772 4354 major
804 4266 848 4332 sit
871 4262 959 4329 aeris
982 4261 1123 4325 saturati
1152 4277 1399 4346 temperatura,
1430 4282 1470 4324 eo
1503 4261 1571 4324 erit
1601 4257 1746 4336 siccior,
1779 4255 1802 4322 i.
1827 4279 1857 4322 e.
1889 4277 1929 4320 eo
1960 4258 2063 4340 magis
2091 4281 2109 4320 a
2139 4277 2175 4320 se
2211 4255 2358 4324 invicem

669 4378 846 4446 distabunt
866 4393 1056 4444 extremum
1079 4369 1293 4436 humiditatis
1316 4387 1350 4437 et
1371 4371 1636 4460 evaporatiouis.
1681 4369 1773 4434 Haec
1795 4368 1905 4433 omnia
1928 4365 2052 4458 probat
2073 4367 2125 4430 sui
2148 4365 2358 4454 hygromarri

640 4464 757 4579 Iope,
779 4490 873 4580 quod
903 4493 940 4556 iu
967 4484 1171 4556 enumeratis
1201 4483 1350 4564 casibus,
1372 4463 1479 4576 aeque
1510 4509 1550 4552 ac
1576 4486 1613 4550 iu
1644 4505 1749 4570 aqua,
1781 4501 1916 4565 semper
1944 4479 2025 4546 100⁹
2046 4479 2156 4570 petit,
2184 4477 2245 4544 ted
2272 4501 2352 4546 cae-

666 4579 781 4670 terum
803 4604 841 4668 iu
868 4613 945 4668 aere
977 4617 1128 4669 saturato
1153 4595 1327 4688 cumipse
1356 4613 1585 4686 temperatura
1614 4589 1807 4658 descendit.
1853 4589 1910 4656 Sic
1938 4587 2119 4656 maximum
2143 4592 2354 4658 saturatioois

639 4692 645 4700 ί
677 4736 721 4782 ro
742 4753 781 4772 -
805 4717 845 4782 25
866 4715 990 4798 gradus
1019 4711 1288 4803 hygrometricos
1311 4709 1492 4776 retroverti
1516 4720 1650 4794 potest,
1673 4705 1700 4768 si
1729 4717 2001 4790 temperaturae
2033 4705 2091 4771 52⁰
2119 4700 2161 4766 ad
2191 4704 2249 4770 80⁰
2279 4703 2357 4771 adi·

639 4801 650 4906 J
666 4839 794 4912 ·gatur;
819 4807 886 4916 qua
908 4848 988 4911 ergo
1020 4813 1140 4893 caloris
1174 4821 1408 4910 diberentia}
1437 4816 1526 4909 quie¹
1550 4819 1569 4910 ξ
1596 4825 1727 4904 partem
1750 4813 1857 4884 scalae
1881 4833 1959 4882 suae
1982 4827 2140 4908 peragrat
2170 4813 2355 4900 hygrome-

674 4955 777 5007 itum·

2244 5045 2275 5116 i·
2300 5041 2362 5112 nia
