5202 6268
488 529 1376 626 :scaturietutsurQUeus‘rrouuu
1406 543 1719 638 Pfltswttt.
1923 571 1967 642 τι
2005 549 2013 560 ’

260 761 274 776 ..
297 714 342 786 ,3.
364 711 407 792 de
429 712 570 783 theoriis
592 712 1140 810 etiorpprlispsrelrrotpetrieir,
1171 788 1192 806 ,,
1282 793 1286 800 ,
1332 792 1363 806 Η
1435 797 1437 806 ,

304 827 339 896 4.
362 825 405 894 de
430 827 787 932 thermobyssromstrit
809 832 1135 922 stptyobrerneuis
1155 834 1248 910 iuter
1270 859 1307 906 se
1327 835 1472 918 cullat'u.

1016 1001 1254 1134 'ire'
1359 1113 1363 1132 ,

645 1121 649 1130 ,
738 1095 745 1132 r
812 1073 903 1155 ῑινμε

671 1210 675 1225 .
727 1210 742 1244 z·
769 1211 994 1322 Deflr'igr'ne
1020 1221 1457 1312 Thermohygrometriue.

301 1409 374 1478 Hac
397 1415 415 1498 §
435 1436 475 1480 ea
496 1405 690 1496 collegimus
714 1416 964 1504 experimenta,
990 1441 1076 1507 quae
1106 1415 1292 1488 tenderent
1311 1422 1454 1512 quidem
1473 1424 1519 1492 ad
1546 1427 1681 1518 vaporis
1698 1453 1740 1498 ex
1761 1440 1840 1501 a'e're
1866 1457 1956 1502 uon·

257 1532 490 1600 dentationum
511 1533 549 1596 in
573 1553 670 1596 usum
693 1531 983 1620 hygrometricum
1011 1533 1297 1612 convertendam,
1319 1534 1474 1603 nondum
1503 1559 1587 1606 vero
1609 1557 1727 1632 aptum
1754 1561 1957 1636 apparatum

255 1647 350 1713 bunc
377 1648 414 1713 iu
442 1649 546 1712 finem
571 1662 821 1725 monstrarent,
842 1649 891 1712 ita
918 1663 957 1711 ut
989 1644 1173 1714 straverint
1198 1649 1302 1716 modo
1322 1653 1430 1730 uiam,
1456 1677 1542 1742 quae
1567 1678 1607 1720 eo
1638 1655 1791 1723 duceret.
1849 1687 1852 1702 ‚

299 1760 379 1824 Fuit
399 1760 541 1826 societas
571 1759 633 1824 del
654 1759 849 1864 Cirnento,
867 1783 955 1864 quae
985 1759 1097 1850 prima
1122 1763 1288 1846 cogitaret
1310 1759 1353 1826 de
1378 1784 1546 1852 vaporum
1580 1785 1622 1829 ex
1644 1771 1721 1829 aire
1742 1765 1955 1853 praecipita·

259 1872 350 1938 tione
367 1897 431 1965 per
454 1873 719 1938 instrumentum
743 1873 968 1962 perficienda.
1015 1875 1149 1938 Cenum
1171 1873 1263 1938 euim
1281 1873 1454 1958 ferreum,
1477 1875 1574 1970 apice
1592 1875 1702 1942 vitreo
1720 1877 1952 1959 instructum,

253 1983 449 2074 implebant
471 2009 561 2074 aqua
588 1984 852 2069 frigidissimus
873 1986 944 2052 Hac
970 1985 1103 2050 ratione
1130 2007 1237 2072 vapor
1270 1987 1554 2077 hygrometricus'
1574 1988 1613 2054 in
1641 2011 1766 2077 aquam
1795 1987 1953 2054 conden-

254 2097 394 2164 sebatur
421 2112 478 2178 et,
512 2096 636 2160 sensim
667 2112 786 2164 auctus
797 2141 815 2169 ..
841 2097 938 2178 juxta
963 2095 1097 2182 apicem
1126 2095 1164 2158 in
1188 2101 1451 2184 receptaculum
1479 2099 1686 2168 destillabut.
1732 2098 1955 2168 Guttularum

253 2231 436 2290 numerus,
460 2207 520 2298 qui
544 2205 775 2278 determinato
793 2224 946 2293 tempore
967 2202 1169 2280 exstillurat,
1192 2204 1407 2274 humiditatis
1425 2227 1500 2276 erat
1519 2235 1689 2278 mensura.
1733 2215 1954 2280 Muasclten-

247 2323 373 2398 break,
395 2321 433 2386 in
460 2318 696 2388 additionibus
720 2319 771 2391 ad
795 2319 887 2390 bueo
908 2316 1142 2405 experimenta
1164 2315 1214 2382 sic
1237 2338 1372 2384 omnem
1396 2343 1559 2410 vaporem
1584 2345 1625 2388 ex
1644 2345 1765 2410 magna
1788 2346 1954 2413 campana

251 2435 390 2502 haurire
411 2433 582 2524 praecipit
606 2433 681 2518 (*).
707 2490 711 2498 .
823 2490 827 2498 .
1073 2418 1075 2423 ’

293 2547 405 2616 Simili
428 2546 531 2611 modo
552 2547 726 2612 Fortiana
746 2543 915 2616 laminam
939 2546 1082 2611 vitream
1108 2542 1196 2608 bene
1222 2541 1426 2632 depuratum
1451 2560 1486 2610 et
1509 2545 1652 2624 siccam,
1682 2547 1779 2628 cujus
1806 2545 1943 2635 pondus

252 2660 424 2744 cognitum
446 2655 614 2735 habebat,
638 2655 681 2718 ad
709 2671 836 2718 certam
858 2657 1032 2740 quandam
1054 2671 1319 2744 temperaturam
1336 2677 1444 2744 usqne
1466 2655 1703 2742 refrigerabat.
1748 2658 1835 2722 Dein
1859 2657 1952 2726 illam

249 2769 324 2834 adri
344 2789 408 2854 per
434 2763 701 2832 determinatum
724 2780 857 2853 tempus
884 2767 1091 2860 exponebat.
1136 2769 1392 2835 lucrementum
1409 2767 1574 2856 ponderis
1595 2791 1753 2834 mensura
1780 2787 1853 2835 crat
1880 2771 1950 2836 bu-

246 2879 413 2949 miditatis
439 2877 526 2946 a‘e'ris
548 2881 634 2962 (†).
732 2913 735 2926 ·

292 2995 359 3060 llic
392 3014 471 3076 ergo
494 2990 655 3080 physicus
688 2988 893 3066 arctioribus
924 2989 1129 3086 quibusdam
1166 2992 1333 3060 limitibus
1367 2993 1554 3060 incluserat
1584 3013 1702 3078 ragam
1727 2992 1949 3082 physicorum

248 3107 528 3174 Florentinorum
552 3101 811 3173 indicationem.
836 3103 1258 3194 Tltermobygrometriam
1281 3124 1393 3175 sutem
1411 3130 1490 3176 vere
1507 3104 1666 3176 fundarit
1684 3103 1778 3172 doct.
1798 3107 1831 3172 le
1846 3109 1947 3192 Ray,
2019 3098 2041 3104 ⁶*

242 3219 435 3308 ingeniosus
459 3231 577 3281 auctor
600 3213 769 3292 theoriae,
799 3239 860 3282 sno
887 3233 1040 3306 tempore
1068 3216 1278 3301 celebratae,
1310 3218 1355 3284 de
1382 3218 1517 3306 vaporis
1544 3221 1581 3284 iu
1607 3226 1687 3284 aiire
1710 3215 1943 3283 dissolutione.

243 3333 297 3400 Eo
320 3331 411 3396 enim
443 3323 613 3405 tetendit,
635 3345 692 3402 no,
714 3327 1013 3412 aasefrigatacto,
1037 3346 1303 3415 temperaturam
1326 3329 1543 3408 observaret,
1569 3345 1763 3415 quavapm·
1786 3324 1944 3392 conden-

241 3461 389 3512 seretur.
434 3438 516 3506 Suil.
538 3436 953 3527 aquamdrigidissimam,
978 3441 1075 3523 cujus
1094 3438 1290 3531 exploraret
1311 3452 1577 3524 temperaturam
1600 3437 1726 3527 poculo
1744 3438 1853 3504 vitreo
1872 3415 1943 3502 iiu-

239 3558 363 3635 unisit,
394 3569 490 3619 extus
519 3573 688 3642 perquam
708 3551 822 3642 picco,
852 3573 929 3644 .quo
959 3549 1050 3619 sacto
1083 3554 1218 3642 copiose
1248 3573 1355 3638 vapor
1386 3549 1692 3640 praecipitabatur.
1748 3550 1837 3614 Dein
1864 3573 1947 3616 vero

238 3669 387 3740 eandem
411 3685 551 3754 aquam,
569 3660 616 3724 sd
643 3669 908 3747 terniseretttrsm
934 3663 954 3744 ἐ
980 3664 1124 3748 gradum
1154 3664 1332 3740 altiorem,
1353 3661 1392 3726 in
1425 3661 1570 3728 alterum
1594 3660 1755 3750 poculum
1789 3677 1943 3728 transtu·

241 3785 295 3850 lit.
349 3779 385 3845 Si
417 3798 507 3842 novo
543 3772 609 3837 boc
650 3772 759 3858 gradu
793 3773 881 3838 ae'ris
920 3795 1028 3865 vapor
1072 3777 1270 3842 etiamnunc
1312 3773 1620 3866 praecipitaretur,
1655 3772 1775 3838 eadem
1811 3775 1944 3839 ratione

237 3913 366 3987 equam
394 3911 458 3978 per
483 3889 503 3968 ἐ
526 3883 674 3970 gradum
698 3884 886 3953 calefacere
919 3891 1105 3974 pergebat,
1136 3887 1249 3952 donec
1274 3885 1414 3952 tandem
1444 3899 1710 3971 temperaturam
1737 3881 1939 3971 depreben-

237 4009 363 4088 duret,
384 4023 488 4089 supra
511 3982 615 4086 quam
636 3993 732 4062 nulla
752 3996 898 4087 ¹amplius
922 3997 1163 4090 praecipitatio
1186 3997 1386 4076 obtinebat,
1409 4017 1496 4083 quae
1520 4011 1631 4060 tamen
1654 3991 1795 4060 minimo
1814 3992 1939 4058 etiam-

236 4143 334 4188 nunc
363 4111 543 4198 relrigerio
565 4107 827 4198 perficiebatur.
879 4109 978 4178 Hane
1009 4113 1251 4182 accuratioris
1283 4107 1444 4198 gradum
1468 4104 1685 4195 appellabat,
1719 4106 1799 4196 qui,
1830 4128 1938 4194 quum

240 4233 377 4302 diverso
396 4244 548 4313 tempora
573 4221 727 4288 divmsus
745 4237 861 4305 esset,
876 4244 986 4313 eoque
1009 4221 1229 4316 depressior,
1254 4245 1324 4314 quo
1341 4227 1400 4288 air
1420 4219 1567 4302 siccior,
1590 4219 1803 4318 humiditatis
1832 4240 1935 4284 men·
2008 4213 2010 4218 ’

242 4367 352 4414 ruram
372 4339 423 4408 illi
444 4337 604 4432 praebuit
621 4331 702 4423 '(§).

282 4456 438 4526 Eandem
461 4451 550 4521 uiam
563 4448 818 4537 ‚raperemur
838 4451 996 4525 Datum
1022 4449 1083 4540 qui
1105 4447 1229 4518 eodem
1262 4467 1438 4540 tempore,
1472 4467 1542 4535 quo
1563 4443 1739 4544 solutionis
1771 4441 1938 4512 theoriam
2000 4509 2003 4518 ,

277 4727 322 4800 Γ)
340 4725 468 4780 Teutam.
487 4724 560 4800 Esp.
577 4732 635 4780 nat.
654 4721 698 4778 ed.
717 4722 750 4781 P.
768 4745 823 4784 vau
840 4721 1082 4782 llusscbeubroek
1099 4721 1130 4781 l..
1146 4722 1179 4782 B.
1200 4727 1278 4792 ruis.

275 4825 330 4897 (τ)
349 4819 447 4896 Sergio
465 4819 509 4876 del
530 4819 598 4878 lleal
616 4819 767 4899 Gabinetto
788 4822 817 4878 di
832 4822 953 4882 rueme
970 4843 991 4901 p
1017 4842 1055 4898 tp
1090 4820 1174 4880 Cori.
1191 4818 1312 4882 Muttcle
1327 4815 1346 4877 l.
1364 4833 1391 4873 c.
1406 4835 1435 4894 p.
1446 4812 1508 4875 isi:

272 4920 324 4995 ill'
338 4921 424 4974 lilim·
438 4915 473 4972 (le
490 4913 589 4973 l'bcad
611 4917 646 4974 de
666 4917 742 4976 Paris
764 4921 839 4988 trit.
