5216 6270
631 543 673 637 ἃ)
841 535 1175 620 ALEXANDRI
1204 538 1437 614 ctuott
1481 539 1810 614 GUILIEL'tII
1841 539 2113 616 SUERMAN

678 725 792 808 Prima
809 728 913 796 series
937 724 1043 794 lineas
1070 747 1177 812 aquae
1202 739 1403 814 evaporatae
1425 729 1572 796 artabo
1596 727 1899 810 thermometrico,
1921 723 2027 792 altera
2052 723 2176 810 gradun
2200 727 2335 834 hygre-

638 841 760 923 metri,
786 841 884 908 tertia
906 837 1059 936 denique
1081 837 1206 907 horum
1227 837 1460 919 differentias,
1482 841 1509 908 i.
1522 867 1553 910 e.
1572 841 1787 910 humiditatis
1807 839 2081 940 progressionem
2100 841 2336 972 indicat(t).

629 947 680 1024 Ϊιι
704 947 811 1022 altero
832 943 1073 1046 experimento
1089 940 1226 1021 inteiua
1247 954 1323 1021 tubi
1343 937 1510 1024 diameter
1529 973 1603 1023 erat
1626 963 1663 1050 a}
1683 953 1768 1042 liin,
1790 957 1831 1028 iu
1849 955 1957 1028 altero
1978 955 2011 1024 5.

679 1067 917 1160 Quaecunque
937 1084 1050 1134 autem
1069 1091 1113 1134 ex
1137 1066 1207 1134 auis
1235 1067 1479 1159 experimentis
1505 1067 1626 1156 duxit,
1654 1085 1694 1138 ιιι
1712 1069 1849 1161 vaporis
1870 1065 2096 1160 quantitatem
2122 1083 2337 1162 compararet

640 1200 718 1247 cum
741 1177 951 1270 hygrometri
974 1180 1107 1270 gradu,
1132 1179 1202 1250 huc
1222 1177 1394 1251 redeunte

684 1295 806 1363 ι.Ρἰο
830 1313 978 1388 utroque
995 1297 1233 1386 experimento
1249 1319 1389 1364 curvam
1407 1293 1591 1368 delineavit
1612 1297 1718 1388 (rab.
1729 1295 1847 1390 11,1)·
1837 1323 1873 1366 ru
1890 1322 1957 1394 qua
1971 1295 2040 1364 axis
2054 1283 2308 1364 abscissurum'
2298 1267 2335 1360 tn

626 1411 667 1508 *6
679 1427 796 1502 partes
822 1409 978 1500 aequales
1001 1410 1148 1488 dividit,
1171 1409 1365 1478 indicantes
1387 1409 1461 1477 illas
1483 1435 1542 1478 sex
1566 1413 1817 1502 evaporationis
1837 1411 1956 1482 lineas.
2001 1409 2213 1485 Ordinatae,
2235 1408 2332 1492 juxta

637 1545 832 1590 mensuram
853 1520 1028 1612 quandam
1050 1539 1200 1608 sumtae,
1221 1523 1367 1624 gradus,
1389 1523 1432 1589 ab
1447 1521 1576 1591 indice
1587 1523 1798 1626 hygrometri
1816 1549 2023 1618 percursor,
2042 1522 2228 1604 denotaut3
2247 1539 2335 1608 quae

638 1657 742 1704 curva
771 1661 879 1727 quum
910 1659 1059 1704 concava
1084 1637 1129 1704 sit
1155 1635 1201 1703 ad
1225 1613 1450 1706 abscissurum
1473 1639 1572 1712 axin,
1607 1655 1720 1730 patet,
1752 1637 2005 1706 retardescere'
2015 1634 2226 1729 hygrometri
2245 1653 2335 1723 pro·

636 1772 809 1836 gressum,
839 1751 922 1820 licet
955 1745 1115 1837 augeatur
1146 1751 1345 1816 etiamnunc
1379 1747 1501 1816 eadem
1535 1751 1670 1820 ratione
1696 1751 1893 1820 humiditas.
1945 1753 2079 1844 Quum'
2094 1772 2176 1818 vero
2209 1767 2330 1819 areae,

637 1886 725 1955 quae
751 1881 982 1954 evaporantur
1004 1866 1042 1930 in
1068 1861 1202 1930 duobus
1227 1861 1295 1934 illis
1318 1862 1410 1928 tubis
1431 1879 1551 1937 ,esseut
1573 1863 1617 1930 ad
1645 1867 1854 1934 seinvicem
1878 1887 2053 1954 ,er-721.
2087 1862 2243 1955 sequitur
2276 1881 2333 1930 or·

636 1975 770 2046 diuatas
788 1979 969 2070 utriusque
997 1999 1121 2046 curvae
1139 1974 1213 2044 fere
1239 1974 1385 2042 candem
1414 1975 1506 2045 hanc
1536 1971 1673 2046 servare
1699 1977 1826 2048 debere
1846 1977 2129 2072 proportionem,
2152 1969 2247 2066 quod
2273 1985 2331 2037 ta·

634 2115 716 2160 men
743 2091 975 2182 experientiae
1004 2114 1075 2158 non
1095 2089 1185 2157 hene
1209 2087 1411 2184 respondet.
1454 2091 1656 2158 Verosimile
1676 2110 1788 2160 autern
1816 2111 1887 2177 est,
1904 2095 1944 2159 in
1962 2091 2074 2183 primo
2094 2085 2332 2182 experimento

632 2203 713 2292 plus
732 2228 838 2296 aquae
857 2203 1048 2276 adhaesisse
1066 2201 1175 2285 vitro,
1196 2223 1303 2293 quum
1322 2200 1476 2267 secundo
1499 2199 1629 2268 diutius
1647 2201 1834 2274 duraverit.
1880 2207 2080 2290 Praeterea,
2103 2205 2148 2270 oh
2173 2196 2335 2266 inertiam

630 2309 842 2407 hygrornetri
869 2315 913 2381 ad
931 2336 1054 2404 parvas
1081 2335 1189 2405 aquae
1217 2315 1452 2405 quantitates,
1475 2315 1660 2406 posteriori
1685 2319 1922 2408 experimento
1948 2321 2057 2407 major
2088 2333 2192 2405 quam
2221 2307 2334 2402 priori

632 2427 720 2498 fides
740 2445 792 2496 ιιι
813 2425 1010 2500 tribuenda.
2317 2446 2321 2455 '

674 2541 990 2609 a.Determinavit
1020 2561 1127 2630 aquae
1161 2539 1391 2632 quantitatem
1428 2545 1508 2608 atire
1543 2556 1741 2610 contentam
1771 2565 1814 2610 ex
1852 2499 1973 2632 quavis
2012 2541 2103 2609 linea
2130 2547 2327 2630 evaporata.

633 2562 786 2744 Cognitis
813 2651 886 2720 soil.
919 2675 1077 2739 vasorum
1105 2653 1351 2746 capacitatibus
1382 2669 1417 2720 et
1443 2653 1531 2720 a'e'ris
1560 2677 1599 2720 ao
1625 2679 1732 2745 aquae
1762 2653 1957 2745 pondere*
1945 2655 2099 2727 invenit:

675 2788 711 2837 ι.
732 2763 835 2835 tinam
865 2767 992 2835 lineam
1013 2787 1132 2854 augere
1154 2763 1290 2852 pondus
1311 2763 1413 2854 pedis
1437 2765 1550 2831 cubici
1573 2767 1661 2833 a'e'ris
1683 2791 1748 2860 per
1769 2771 1831 2856 57}
1852 2789 1903 2852 gr.

674 2903 708 2950 2.
731 2905 790 2949 sex
812 2903 894 2969 ergo
919 2879 1020 2948 lineis
1046 2879 1254 2967 evaporatio,
1276 2883 1300 2944 i.
1323 2901 1354 2944 e.
1380 2885 1459 2946 aere
1485 2901 1654 2969 perquam
1682 2879 1845 2963 humido,
1868 2877 2007 2969 pondus
2029 2901 2094 2971 per
2112 2877 2174 2948 342
2191 2899 2244 2963 gr.
2262 2897 2326 2942 ιιι-

725 2995 817 3083 geri,
843 2992 992 3084 ideoque
1013 2991 1107 3058 hunc
1128 2999 1244 3058 atram
1267 3013 1339 3058 esse
1362 2989 1458 3056 ad
1431 3015 1625 3057 siccum:
1645 3013 1711 3061 ιοι
1730 2995 1782 3062 15·

676 3109 742 3181 5.·
731 3131 769 3175 ιιι
798 3105 1017 3197 hygrometro
1046 3103 1096 3171 ita
1129 3103 1305 3181 consecto,
1328 3118 1368 3168 ut
1399 3105 1473 3188 ejus
1503 3101 1607 3170 index
1640 3100 1683 3169 ab
1712 3120 1862 3169 extrema
1892 3103 2043 3170 siccitate
2068 3102 2112 3166 ad
2142 3099 2327 3166 maximnm

729 3218 944 3288 humiditatis
980 3231 1085 3286 totam
1118 3213 1239 3284 circuli
1273 3215 1511 3312 peripheriam
1542 3229 1746 3314 percurrat,
1772 3212 1921 3304 angulos
1952 3211 2076 3304 gradus
2115 3205 2326 3301 respondere

731 3339 822 3428 ζει.
845 3354 966 3426 aquae.

1419 3537 1455 3620 t·
1498 3537 1587 3638 ⁵⁷2
1635 3566 1639 3579 ·

948 3719 1010 3788 De
1029 3718 1266 3805 fiandomento
1289 3711 1618 3814 experimentorum
1636 3719 1701 3790 cel.
1723 3717 1776 3786 de
1796 3685 2019 3813 vSuus'sjure.

676 3917 798 3994 Prouti
821 3916 998 3988 Lumdert
1018 3919 1267 4016 evaporationis
1294 3917 1452 3991 examine
1470 3913 1676 4000 tenebatur,
1699 3936 1806 4006 quum
1828 3909 2040 4001 *hygrometri
2063 3907 2232 3978 incessum
2251 3921 2346 3982 cum'

633 4039 771 4134 vaporis
792 4034 983 4126 quantitate
1006 4052 1243 4126 compararet,
1275 4038 1323 4104 ita
1350 4033 1450 4102 initio
1482 4031 1678 4100 Saursurii
1700 4043 1776 4098 erat
1795 4023 2034 4121 propositum,
2056 4039 2095 4090 ut
2117 4023 2327 4118 imperfectis

635 4153 749 4224 adhuc
769 4145 996 4237 hygrometrit
1017 4169 1144 4217 novum
1164 4151 1410 4242 suhatitueret,
1439 4143 1535 4237 quod
1558 4140 1748 4212 sensilitate
1771 4163 1852 4223 sna,
1875 4136 2124 4205 constantinae
2145 4159 2330 4225 compara·

634 4266 768 4336 bilitate
795 4281 881 4350 prae
907 4255 1067 4326 omuibus
1092 4260 1239 4348 reliquis
1263 4284 1300 4329 se
1318 4257 1585 4327 commendaret.
1618 4257 1738 4346 Quum
1762 4273 1843 4321 vero
1862 4249 1965 4346 hujus
1983 4248 2202 4318 instrumenti
2222 4264 2329 4316 natu·

635 4403 710 4454 ram
732 4373 877 4446 interius
903 4367 1116 4461 exploraret.
1140 4369 1260 4438 caloris
1288 4369 1500 4462 aliarumque
1526 4391 1706 4449 ,causarum
1732 4368 1771 4432 in
1792 4361 1883 4432 iliud
1908 4361 2112 4432 observabat
2132 4363 2328 4446 actionem,

637 4490 764 4584 quibus
794 4488 933 4556 demum
954 4483 1153 4554 examinatis
1179 4504 1221 4553 eo
1245 4485 1418 4576 pervenit,
1446 4499 1485 4552 ut
1504 4479 1755 4574 hygrometriae
1773 4489 1967 4547 muneret
1992 4471 2198 4541 aedificium.

678 4605 733 4675 Ex
759 4603 859 4672 variis
885 4617 974 4691 ergo'
988 4597 1235 4692 experimentis
1260 4599 1461 4676 concludit.
1485 4593 1695 4687 hygrumetri
1716 4587 1862 4680 padum
1885 4585 2130 4679 dependeres
2153 4586 2248 4656 vario
2265 4597 2330 4656 ca··'

635 4720 729 4805 lore,
751 4713 887 4804 vaporis
914 4715 1105 4824 quantitate
1127 4727 1164 4786 et
1186 4711 1356 4784 densitate
1373 4710 1477 4786 aeris.
1522 4709 1614 4780 iiiuc
1640 4723 1752 4778 autem
1770 4705 2001 4800 sequebatur,
2022 4701 2082 4770 has
2102 4718 2249 4796 quatum
2272 4717 2328 4767 rea

1474 4839 1477 4847 '
1629 4832 1634 4859 '
2032 4824 2034 4828 ’
2271 4833 2332 4884 ιι·1

672 4947 1294 5078 (ιιιωιιαιιιιςμοιιιιιιιιιιιι
1401 4935 1405 4942 ’
