5202 6268
483 566 805 640 utsttottsto
850 580 910 636 tn
953 563 1387 658 Qtttttsnottntt
1428 563 1732 643 Ptttstcttt.
1909 573 1959 659 ,73

261 751 406 820 bulbum
427 750 463 816 in
480 745 571 816 'duaa
592 763 707 839 partes
727 746 897 842 disicere,
922 746 1064 818 alteram
1080 748 1330 838 producendo,
1354 748 1495 824 alteram
1514 747 1705 818 indicando
1724 747 1844 840 trigeri
1865 749 1949 820 des·
1971 829 1973 834 ¹

257 869 410 932 tinetam.
457 861 513 928 td
536 862 596 928 bos
617 861 815 928 referuntur
841 863 1000 946 Kb'rner‚
1021 861 1187 930 Jeneaet
1207 862 1405 929 Bremeten-

272 977 351 1042 Ἐι
380 975 431 1040 bis
461 973 581 1059 igitur,
602 975 693 1040 inter
714 973 988 1048 secombiuatis,
1020 973 1196 1064 sequitur,
1226 995 1297 1045 ιιοιι
1322 975 1511 1062 incongrue
1533 976 1647 1042 omnia
1678 973 1945 1066 thermobygro·
1991 1035 1996 1050 s

254 1105 361 1154 metra
383 1086 427 1152 ed
451 1102 520 1150 tres
540 1087 659 1152 classes
683 1086 823 1154 reducit

301 1225 328 1268 ι.
352 1222 489 1275 eorum,
521 1223 609 1288 quae
629 1198 761 1288 duplici
780 1198 1019 1284 evaporatione
1040 1197 1278 1274 instruuntur,
1299 1219 1365 1264 neo
1394 1221 1467 1298 non
1494 1219 1662 1288 corpore,
1684 1221 1845 1288 vaporem
1871 1199 1947 1268 col·

254 1313 400 1399 ligente,
424 1337 442 1390 a
465 1309 708 1376 thermometro
730 1309 917 1393 disjuncto.

296 1447 328 1492 ι.
350 1445 489 1502 eorum,
509 1443 599 1511 quae
624 1420 812 1511 simplicem
831 1420 934 1488 modo
956 1424 1230 1514 evaporationem
1258 1421 1460 1512 requirunt,
1482 1419 1550 1522 sed·
1578 1443 1704 1512 corpus
1734 1423 1947 1494 condensans

253 1535 452 1602 etiamnunc
474 1560 493 1600 a
516 1533 759 1599 thermometro
780 1549 972 1624 separatum
999 1533 1139 1600 babent.

295 1651 325 1713 3.
348 1669 465 1713 eorum
501 1642 663 1726 undem,
696 1668 805 1733 quae·
819 1669 861 1712 ex
892 1646 965 1714 solo
999 1644 1243 1714 thermomctro
1271 1661 1446 1719 constant,
1481 1646 1621 1736 utrique
1650 1643 1726 1712 usui
1759 1643 1945 1734 adaptato,

247 1783 395 1848 cumque
417 1760 453 1824 iu
478 1758 583 1822 linem
603 1755 811 1824 modificato.

293 1875 391 1960 Quae
414 1868 627 1936 classiliratio
648 1893 753 1958 quum
768 1887 803 1936 et
823 1868 978 1936 ordinem
1000 1867 1071 1936 sere
1089 1867 1368 1954 chronologicum
1392 1865 1543 1944 referat,
1560 1856 1699 1936 abunde
1717 1885 1830 1960 patet,
1854 1894 1944 1960 quo-

249 1983 350 2048 modo
372 1985 493 2050 sensim
512 1981 706 2071 sensimque
727 2006 745 2045 a
769 1981 877 2048 forma
910 1984 1095 2074 composita
1115 1981 1161 2074 ad
1192 1979 1438 2064 simpliciorem
1464 1979 1642 2046 tendet-int
1663 1979 1816 2070 physici,
1841 1982 1885 2045 ita
1907 1996 1947 2047 ut

246 2097 529 2170 instrumentum,
552 2091 645 2180 quod
669 2090 817 2177 primum
844 2107 1011 2174 apparatu
1034 2094 1113 2156 satis
1135 2094 1324 2182 composito
1340 2111 1415 2159 erat
1436 2093 1626 2171 munitum,
1653 2089 1793 2159 tandem
1815 2089 1865 2158 nil
1882 2091 1947 2161 nisi

249 2207 530 2272 thermometrum
553 2203 669 2278 lieret,
693 2197 942 2289 aliquantulum
962 2199 1066 2268 modo
1087 2201 1301 2267 immutatum
1329 2202 1401 2287 (*).
1846 2207 1852 2214 '

1026 2393 1061 2476 i·
1107 2391 1160 2476 73·

671 2589 731 2657 De
747 2586 872 2679 primo
894 2589 1007 2656 closae
1035 2573 1514 2676 Thermoltygrometrorum.

285 2789 340 2856 td
360 2789 505 2878 primam
522 2787 829 2852 instrumentorum
847 2798 1041 2848 nostrorum
1067 2780 1208 2851 classem
1226 2781 1328 2850 unice
1352 2781 1504 2851 refertur
1524 2779 1825 2880 apparttnsdcc-t.
1836 2867 1841 2880 .
1854 2744 1936 2856 Da¹

242 2903 349 2980 nicil,
374 2899 432 2989 qui
466 2919 544 2962 cum
574 2893 783 2960 inventionis
803 2895 978 2974 novitate,
1011 2909 1083 2960 tutu
1111 2895 1374 2962 constructionis
1396 2893 1561 2982 elegantia
1584 2906 1705 2960 nostro
1730 2916 1810 2979 serp
1834 2899 1881 2981 ita
1901 2921 1936 2967 se

242 3009 511 3085 commendavit,
545 3025 581 3072 ut
614 3008 810 3072 etiamnunc
839 3027 1047 3070 atammorum
1082 3005 1303 3094 physicorum
1333 3009 1532 3079 auctoritate
1566 3009 1611 3076 sit
1642 3021 1794 3074 ornatus.
1848 3007 1938 3077 ilinc

239 3123 343 3214 paulo
367 3123 470 3188 sosius
495 3120 537 3185 de
559 3123 632 3202 ejus
656 3117 783 3182 fabrica
806 3115 996 3182 dicendum
1019 3123 1149 3205 putavi.

283 3237 425 3304 Constat
441 3255 481 3296 ex
500 3254 517 3297 a
533 3228 655 3314 globis,
672 3231 692 3315 ξ
711 3225 794 3316 poll.
817 3226 934 3312 diam„
955 3252 1019 3320 per
1038 3230 1161 3296 tubum
1177 3227 1405 3320 cylindricnm
1424 3235 1462 3316 r}
1477 3232 1540 3300 lin.
1561 3231 1663 3298 diam.
1684 3230 1824 3314 junctis.
1857 3231 1935 3294 Tu·

236 3353 301 3419 hus
326 3349 379 3414 bis
402 3349 449 3413 ita
471 3347 672 3412 incurvatur
693 3340 737 3406 ad
760 3339 919 3426 angulum
943 3357 1093 3419 rectum,
1128 3359 1201 3407 nte
1221 3343 1363 3409 brachia
1383 3341 1556 3409 verticalis
1579 3357 1614 3406 et
1634 3353 1769 3428 partem
1788 3338 1934 3408 mediam

231 3457 490 3532 beriaontalem-
506 3455 646 3524 referat.
690 3451 894 3537 Utrumque.
907 3449 1088 3518 brachium
1105 3452 1142 3516 in
1163 3449 1304 3536 globum
1326 3451 1486 3538 desinitg.
1501 3449 1647 3518 alterum
1665 3441 1748 3516 'vero
1766 3473 1936 3542 perquam

234 3576 340 3643 breve
362 3587 433 3648 est,
456 3567 600 3636 alterum
622 3561 727 3655 paulo
745 3559 899 3646 longina,
920 3561 968 3627 ita
994 3577 1034 3626 ιιι
1055 3558 1147 3646 globi
1166 3583 1236 3627 non
1261 3561 1297 3626 in
1318 3559 1437 3631 eodem
1462 3559 1567 3656 plano
1591 3559 1797 3629 horizontali
1820 3561 1934 3636 locum

234 3687 426 3754 obtineant.
471 3677 634 3746 Continet
661 3671 843 3739 brachium
870 3670 1003 3758 longius
1032 3672 1316 3778 t'bcrmoutetrum
1343 3673 1518 3782 exiguum,
1551 3673 1650 3759 cujus
1678 3677 1935 3764 receptaculum

168 3845 173 3852 -
224 3796 330 3882 ,orale
351 3793 422 3860 fere
451 3787 494 3856 ad
524 3785 616 3874 globi
638 3783 811 3852 inferioris
842 3783 989 3851 fundum
1010 3807 1118 3876 usque
1144 3799 1317 3874 penetrat.
1364 3785 1426 3852 llic
1451 3783 1571 3871 globus
1591 3785 1744 3876 repletus
1768 3803 1839 3870 est,
1865 3810 1930 3878 pro

233 3955 253 4002 t
237 3905 454 3998 ²partibus,
475 3900 612 3968 aethere
634 3895 846 3984 sulphurico.
892 3894 997 3962 Globi
1023 3895 1207 3985 superioris
1234 3919 1312 3984 pars
1332 3897 1450 3962 infima
1470 3895 1676 3982 elongatur
1666 3920 1701 3960 ιιι
1722 3897 1843 3962 tubum
1867 3921 1928 3962 ca·

237 4019 395 4112 pillarem
420 4030 588 4106 apertum.
632 4009 708 4074 Jam
733 4005 853 4074 aether
878 4004 922 4072 ad
944 4001 1178 4070 ebullitionem
1200 4003 1404 4090 perducitur
1423 4023 1476 4092 ct,
1499 4005 1591 4072 omni
1617 4005 1666 4070 sie
1691 4010 1770 4070 ae're
1793 4029 1833 4071 cx
1861 4029 1929 4096 ap·

237 4151 361 4226 paratu
381 4123 545 4215 expulso,
570 4117 741 4190 clauditur
768 4139 853 4206 apex
877 4135 942 4208 cpe
969 4113 1044 4180 tubi
1063 4113 1344 4184 ferruminatorii.
1389 4117 1427 4184 st
1451 4115 1573 4183 bene'
1563 4139 1633 4203 Jem
1660 4117 1799 4184 cesserit
1822 4141 1930 4210 prae·

237 4244 389 4335 paratio,
413 4260 532 4306 manna
552 4232 708 4300 admotae
735 4254 799 4322 ope
821 4225 964 4295 ebulliat
987 4223 1104 4294 aether
1125 4242 1160 4294 et
1180 4227 1229 4294 sic
1248 4223 1531 4294 destillationem
1553 4225 1692 4316 globum
1714 4229 1929 4322 superiorem

182 4431 187 4440 ,
237 4357 327 4443 abigi
350 4351 468 4445 possit.
508 4349 556 4414 Ut
575 4363 684 4412 autem
709 4339 750 4408 ad
771 4361 865 4406 usum
887 4339 1096 4424 instruatur,
1118 4337 1226 4406 linteo
1243 4337 1388 4424 tegmine
1406 4337 1595 4406 obtestttur
1614 4339 1732 4426 globus
1751 4365 1930 4430 superior,
2029 4333 2033 4342 ¹

235 4486 409 4555 totumque
432 4465 700 4530 instrumentum
723 4453 833 4527 media
859 4471 956 4542 parte
978 4449 1068 4556 pede
1088 4472 1215 4560 cupreo
1231 4451 1436 4530 sustinetur,
1460 4451 1515 4521 cui
1540 4449 1750 4580 appenditur
1771 4453 1930 4541 exiguum

239 4579 519 4646 thermometrnm
544 4565 752 4638 indicandae
773 4567 861 4630 ιὲιὶέ
885 4552 1143 4650 temperaturae.

279 4692 354 4757 lam
374 4709 453 4796 vero
478 4683 667 4800 observatio
691 4675 901 4744 instituenda
930 4690 994 4742 cst.
1039 4675 1160 4741 Omnis
1162 4675 1319 4792 aether,
1338 4673 1455 4802 calore
1478 4697 1618 4761 manus,
1647 4675 1684 4744 in
1709 4677 1879 4766 globom'
1867 4703 1927 4748 tn-

687 4778 924 4836 -’““”
994 4778 1077 4824 '··'
1236 4803 1375 4838 '··
1528 4816 1531 4830 ¹
1707 4797 1711 4835 ³
1822 4787 1924 4859 ie·

270 4943 325 5016 (*J
342 4933 417 4997 Tab.
430 4933 482 4994 Vl.
504 4931 568 5012 flgg.
587 4935 708 5003 πάι-33
735 4926 1087 5013 tbannobygmmetromm
1104 4893 1411 5094 siticullpfflpossssnlt
1425 4919 1538 5030 wilm
1556 4925 1771 5035 imm?
1832 4904 1838 5050 ἰ
1860 5018 1864 5031 ,
