5202 6268
488 711 822 784 unsrousto
855 727 917 782 ι..
952 707 1382 802 Quassrtounn
1410 707 1719 782 reseratu.
1917 733 1962 802 7,

246 898 449 974 investitur,
479 893 533 962 cui
558 917 647 983 aqua
669 915 734 984 ope
755 891 807 958 fili
833 893 994 960 continue
1017 890 1203 960 adducitur
1222 915 1264 958 ex
1288 890 1425 976 lagena,
1448 888 1551 978 paulo
1576 887 1674 956 altius
1702 888 1812 980 posita
1836 893 1912 976 (Ἴ,

286 1008 445 1078 Alterum
465 1005 567 1089 buius
587 1005 719 1089 generis
742 1005 1007 1071 instrumentum
1031 1031 1048 1070 a
1068 991 1236 1074 der'cke
1259 1002 1325 1068 fuit
1350 1003 1575 1090 propositum.
1621 999 1679 1067 Ad
1701 1001 1847 1070 eandem
1865 991 1946 1072 aca-

240 1120 309 1188 lam
337 1120 407 1188 duo
437 1118 701 1199 thermometra,
724 1115 910 1183 subtilitate
945 1139 1004 1184 sua
1036 1118 1231 1206 praeclara,
1259 1117 1356 1200 juxta
1380 1105 1416 1181 ae
1442 1115 1592 1181 invicem
1612 1112 1948 1206 perpendiculariter

242 1234 357 1302 affixit.
405 1229 561 1299 Alterum
582 1226 790 1295 indicandae
810 1229 898 1295 acris
921 1245 1189 1321 temperaturae,
1205 1225 1325 1314 frigori
1342 1225 1591 1320 evaporatiouis
1610 1222 1755 1292 alterum
1773 1224 1943 1298 inservie-

240 1347 315 1416 bat.
362 1345 470 1428 liujus
500 1365 580 1430 ergo
608 1343 710 1410 tubus
739 1341 1001 1424 inflectebatur,
1024 1341 1071 1408 ita
1101 1357 1141 1408 nt
1161 1339 1289 1410 bulbus
1322 1337 1428 1406 altum
1449 1353 1605 1430 peteret,
1630 1336 1691 1425 qui
1722 1355 1944 1430 praeterear

242 1473 340 1546 parte
369 1455 548 1545 superiore
574 1471 752 1520 excavatus
781 1471 854 1522 erat
878 1453 923 1520 ad
943 1477 1066 1544 aquam
1089 1451 1344 1544 recipiendam,
1368 1475 1455 1542 quac
1477 1453 1715 1540 evaporatione
1738 1453 1943 1548 refrigesce-

241 1567 313 1636 bat.
365 1568 449 1634 Erat
476 1581 608 1654 autem,
632 1589 804 1654 una-,cum
831 1565 926 1660 aeda„
944 1589 1023 1647 sua,
1049 1564 1197 1648 mobile,
1220 1565 1268 1630 itu
1296 1581 1356 1648 ut,
1382 1563 1409 1628 ai
1437 1583 1570 1628 sursum
1596 1559 1739 1650 quidem
1763 1585 1945 1654 ageretur,

238 1693 389 1764 uterque
410 1677 536 1744 bulbus
554 1701 590 1745 se
609 1695 782 1765 tangeret,
805 1675 833 1740 si
853 1699 933 1745 vero
951 1673 1132 1758 deorsum,
1155 1675 1193 1742 bi
1211 1678 1314 1761 magia
1334 1697 1351 1738 a
1369 1693 1404 1735 se
1427 1669 1573 1738 invicem
1595 1672 1825 1742 discederent.
1860 1676 1941 1742 Ob·

239 1787 383 1855 servatio
402 1788 471 1874 jam
487 1789 749 1874 instituebatur,
772 1804 955 1882 postquam
980 1809 1069 1876 aqua
1090 1785 1188 1852 alteri
1210 1785 1453 1852 thermometro
1477 1777 1581 1848 affusa
1605 1801 1701 1866 erat,
1724 1781 1843 1878 bulbis
1864 1809 1884 1851 a
1907 1808 1942 1854 se

239 1897 386 1966 inuicem
418 1900 557 1968 remotis
580 1900 663 1990 (†).

281 2005 371 2072 Huic
389 2005 495 2074 simile
512 2024 563 2074 eat
585 2009 861 2100 hygrometrum,
885 2012 980 2104 quod
998 2007 1230 2080 Blnckaclder
1249 2000 1437 2078 describit,
1461 2015 1564 2089 atque
1583 2003 1855 2074 ntmizomienm
1878 2031 1946 2108 ap·

239 2115 388 2210 pellarit.
433 2120 577 2186 Constat
604 2121 696 2188 enim
718 2146 760 2188 ax
780 2123 913 2190 duobus
937 2119 1190 2188 thermometris
1207 2113 1411 2198 subtilibus,
1436 2135 1477 2182 ex
1496 2112 1622 2200 spiritu
1647 2114 1720 2182 vini
1739 2118 1860 2198 factis,
1882 2145 1950 2188 una

239 2227 363 2298 scala
353 2229 492 2314 junctis.
537 2227 688 2299 Alterius
718 2227 843 2302 bulbus
870 2230 978 2298 linteo
999 2229 1146 2297 tenuiori
1171 2227 1382 2316 obvertitur,
1405 2227 1512 2325 inque
1532 2223 1630 2292 illum
1649 2231 1814 2296 continuo
1841 2229 1946 2298 stillat

240 2361 346 2424 aqua,
372 2337 534 2428 penicelli
557 2361 622 2430 ope
644 2362 685 2406 ex
709 2337 827 2428 lagena
846 2339 963 2406 ducta.
1007 2333 1116 2404 Simul
1147 2351 1259 2400 autem
1289 2329 1473 2396 artificiose
1504 2332 1570 2398 boc
1599 2314 1867 2404 instrumentum
1900 2341 1949 2406 ita

240 2447 391 2532 paravit,
411 2463 450 2512 ut
468 2465 594 2518 statum
613 2467 782 2534 servaret,
809 2473 927 2540 quem
925 2445 1158 2514 determinato
1183 2459 1337 2530 tempore
1355 2441 1518 2508 babebat.
1565 2441 1622 2508 Sic
1645 2468 1849 2534 quemnam,
1877 2451 1944 2518 ab·

241 2571 336 2622 sante
364 2557 601 2636 observatore.
627 2560 771 2644 gradum
797 2559 1027 2642 ostendisset,
1050 2551 1208 2642 cognosci
1227 2566 1376 2643 poterat.
1419 2548 1512 2618 lllud
1533 2572 1614 2618 raro
1641 2551 1715 2619 fuae
1749 2557 1947 2628 describere

242 2685 361 2738 nostro
383 2691 488 2758 scopo
509 2669 632 2738 inutile
653 2669 766 2738 babeo
788 2673 830 2758 (§
844 2672 869 2758 ).

285 2776 358 2843 Cel.
391 2778 536 2868 physico
560 2780 774 2847 Beroliuenai
798 2783 951 2868 August
968 2779 1124 2859 ‚debetur
1144 2775 1423 2846 recentissimum
1441 2771 1641 2858 hujusmodi
1674 2773 1950 2864 bygrometrum,

242 2883 360 2972 quod,
384 2908 491 2975 quum
512 2887 555 2954 ab
585 2904 723 2980 auctore
746 2893 897 2958 omnium
916 2892 1030 2985 primo
1047 2889 1362 2980 psyclrrometrum
1382 2886 1514 2951 dictum
1536 2881 1662 2968 luerit,
1684 2885 1748 2974 per
1766 2887 1944 2955 excellen-

242 2991 325 3058 tiam
352 2992 420 3061 boc
448 3018 575 3064 nomen
599 2997 753 3067 retinuit.
798 2999 859 3066 Est
889 3000 982 3068 idem
1004 3017 1039 3069 et
1072 2999 1224 3066 omnium
1256 2992 1557 3086 simplicissimum.
1601 2993 1677 3061 Duo
1705 2995 1949 3086 thermometrn

243 3099 479 3186 subtilissima,
502 3107 548 3170 ita
571 3121 610 3172 ut
631 3111 670 3196 1¹,
691 3125 805 3200 partes
825 3111 994 3198 graduum
1011 3114 1150 3179 Renum.
1173 3107 1272 3174 facile
1297 3119 1508 3195 appareant,
1531 3101 1688 3190 pendent
1713 3105 1755 3171 ab
1778 3131 1857 3172 anan
1882 3131 1945 3175 cn-

241 3230 351 3295 prea,
379 3235 464 3302 quae
489 3213 602 3300 ligneo
633 3218 864 3288 sustentaculo
891 3220 1073 3290 retinetur.
1118 3219 1191 3288 Hoc
1225 3231 1337 3284 autern
1361 3230 1497 3301 septum
1519 3213 1648 3298 babet,
1673 3213 1764 3306 quod
1792 3216 1947 3283 thermo·
2015 3300 2019 3308 Ι

242 3335 348 3385 metra
372 3347 389 3385 a
416 3345 450 3389 ae
483 3325 630 3392 iuticcm
657 3346 803 3418 separat.
850 3331 1008 3400 Alterum
1032 3353 1150 3398 eorum
1170 3354 1188 3394 a
1208 3346 1306 3425 parte
1330 3327 1493 3394 inferiore
1520 3327 1627 3418 linteo
1652 3325 1747 3391 tenui
1778 3325 1948 3410 cingitur,

244 3450 365 3520 aquam
391 3435 574 3500 retinente.
619 3437 768 3506 Addidit
788 3453 906 3502 auctor
938 3439 1019 3516 huic
1049 3443 1278 3505 instrumento
1311 3453 1536 3522 apparatum.
1570 3436 1630 3527 qui
1662 3451 1772 3500 tamen
1805 3455 1875 3501 non
1906 3438 1944 3504 in

242 3541 335 3604 omni
361 3541 433 3624 ejus
463 3543 723 3633 papebrometro
747 3543 1044 3635 deprehenditur,
1067 3545 1110 3612 ad
1130 3573 1255 3638 aquam
1281 3543 1391 3614 bulbo
1418 3543 1671 3616 adducendam.
1721 3545 1805 3612 Seii.
1824 3543 1867 3612 'in
1886 3549 1947 3614 in.

242 3644 364 3712 feriore
384 3651 606 3718 sustentaculi
627 3674 726 3743 parte
756 3651 1044 3724 vasculumadest
1066 3655 1232 3736 vitreum,
1263 3647 1434 3732 munitum
1466 3658 1570 3740 tubo,
1604 3654 1858 3748 quodammodo
1883 3661 1945 3724 in·

244 3755 355 3838 flexo,
379 3758 552 3842 superiora
580 3785 694 3828 versus
717 3761 896 3846 tendenti,
919 3765 966 3829 in.
980 3786 1049 3853 quo
1068 3765 1209 3854 spongia
1237 3765 1353 3856 adeat,
1377 3769 1486 3837 bulbo
1506 3791 1630 3862 aquam
1650 3763 1832 3838 adrebens.
1877 3771 1946 3839 At·

245 3881 315 3948 tera
354 3882 527 3952 praeterea
556 3870 592 3934 iu
626 3869 760 3938 vasculo
791 3885 842 3935 est
868 3889 1050 3960 apertura,
1087 3899 1173 3966 quac
1206 3877 1351 3950 inservit
1385 3905 1514 3968 novae,
1548 3897 1628 3973 post
1651 3883 1947 3970 evaporationem,

242 3998 347 4065 aquae
368 3975 594 4050 attendendae
619 3982 713 4070 Ψ).

1697 4251 1730 4262 ..
1783 4249 1785 4257 ,
1835 4177 1946 4266 bro·

279 4395 329 4466 Γ)
345 4393 502 4456 Niebobou
517 4389 617 4450 doura.
636 4389 702 4453 tot.
713 4390 765 4449 Ill.
780 4395 913 4456 Gilbert’a
931 4399 1004 4456 Anu.
1019 4397 1057 4458 V.
1076 4407 1105 4456 et
1121 4403 1213 4460 nette
1235 4401 1347 4460 Knner
1367 4399 1482 4459 liericbt
1499 4419 1557 4460 rou
1569 4401 1742 4461 Versaeben
1759 4423 1788 4459 u.
1809 4403 1948 4465 instram.

249 4489 295 4548 die
313 4491 373 4550 siclt
394 4491 446 4550 aul
461 4491 511 4571 dae
530 4489 688 4554 voruntas
709 4491 760 4554 der
777 4481 847 4552 [ult
862 4514 915 4554 aur
929 4493 1044 4555 Wirttte
1066 4517 1094 4556 tt.
1117 4496 1315 4575 rcuahugkait
1336 4497 1483 4560 berichem
1507 4495 1592 4558 ubera
1613 4519 1670 4560 ton
1687 4505 1726 4562 Π.
1751 4503 1797 4558 W·
1817 4503 1948 4562 umecta

245 4585 330 4662 Laipz
361 4595 433 4646 1823.

260 4686 335 4758 (i)
355 4687 488 4744 oruaerrs
507 4680 635 4743 nnn-X.
652 4703 714 4764 pag
735 4689 775 4745 m

283 4782 331 4858 (S)
349 4779 421 4842 Phil
435 4785 532 4840 Tr.aus
550 4781 584 4840 ol
597 4781 646 4840 tbe
663 4783 741 4862 royal
757 4787 816 4844 Soc.
834 4785 870 4843 oi
880 4783 981 4847 Edinb.
998 4785 1132 4861 Τοιιιβ.
1165 4783 1266 4848 Edinb.
1281 4786 1365 4862 licit,
1379 4784 1456 4871 Pht,
1472 4783 1569 4844 lourn.
1583 4783 1638 4845 No.
1646 4784 1685 4852 112
1704 4807 1766 4866 μς
1781 4791 1845 4860 sin.

286 4867 593 4952 (ἩΝΙΙΜΗᾹΜ.
613 4881 744 4946 Lffll.
766 4874 948 4964 pup'6p·¹
