5216 6270
1593 443 1615 476 ἱ

390 677 392 695 Ι
504 557 829 649 nesrott'sm
868 590 929 644 ιι
965 569 1392 667 Qusnsrrousu
1423 566 1732 640 russicam.
1934 568 1976 656 ⁴9

269 755 375 824 multa
390 739 608 841 tentamina,
630 755 755 823 frustra
772 755 948 834 instituta,
970 755 1060 824 ebur
1081 755 1205 842 rejecit
1221 755 1281 823 De
1303 755 1395 824 Luc.
1427 753 1551 845 Quoad
1571 752 1725 820 materias
1750 766 1822 819 arte
1841 750 1965 829 lactas,

270 871 323 936 uti
350 867 519 952 chordas,
540 892 607 961 pro
627 863 889 958 praeparatione
910 863 1060 950 diversa,
1080 875 1151 932 toto
1174 861 1268 930 coelo
1297 863 1474 934 differunt.
1518 863 1628 934 Possit
1648 877 1761 927 tutem
1784 861 1966 929 methodus

267 981 512 1060 determinari,
535 981 629 1068 juxta
653 1001 756 1070 quam
787 995 1035 1072 torqueantur,
1066 988 1106 1044 nt
1132 973 1225 1039 inter
1253 997 1289 1040 se
1318 976 1442 1047 similes
1468 969 1626 1047 eiadant.
1666 973 1840 1042 Lambere
1872 989 1966 1041 certe

270 1093 374 1182 plura
391 1117 431 1160 er
457 1092 510 1162 his
530 1089 682 1160 confecit
705 1090 957 1168 instrumenta,
982 1089 1065 1156 huic
1095 1083 1289 1155 conditioni
1315 1111 1476 1179 congrua.

317 1202 440 1294 Quoad
459 1201 608 1293 reliquas
620 1203 798 1285 materies,
823 1201 867 1268 de
888 1201 1003 1270 multis
1023 1201 1185 1292 quidem,
1210 1203 1276 1269 hoc
1298 1221 1478 1294 respectu,
1503 1199 1590 1270 niltil
1612 1199 1778 1266 affirmare
1802 1200 1964 1276 auserim,

276 1339 354 1383 cum
378 1313 519 1408 plurimi
547 1312 705 1404 physici,
732 1313 890 1404 inprimis
919 1315 1149 1407 antiquiores,
1173 1311 1239 1379 hoc
1264 1337 1405 1381 examen
1430 1309 1662 1399 neglexerint,
1685 1333 1824 1388 rernm,
1856 1309 1970 1399 quoad

273 1419 471 1502 balaenam,
495 1421 657 1514 capillum
677 1439 711 1490 ct
736 1424 904 1504 sericum,
919 1449 1007 1516 quae
1028 1441 1146 1491 nostro
1166 1439 1319 1513 tempore
1343 1425 1414 1492 scre
1431 1427 1533 1494 unice
1562 1423 1752 1490 attentione
1774 1418 1877 1506 digua
1896 1419 1963 1486 lra-

275 1533 428 1607 bcntur,
455 1529 540 1610 haec
571 1535 680 1600 omnia
695 1525 768 1600 ‘hac
791 1533 835 1600 de
859 1557 958 1600 causa
980 1533 1150 1601 laudanda
1173 1555 1265 1604 sunt.

255 1639 285 1660 ”
317 1667 350 1714 ι.
374 1647 423 1712 Ut
442 1646 661 1713 individuum
678 1669 816 1734 semper
836 1644 981 1711 eandem
1002 1644 1248 1713 indicationem
1270 1647 1447 1732 ostendat,
1471 1647 1533 1714 sub
1560 1644 1681 1714 eodem
1704 1639 1840 1730 vaporis
1857 1651 1968 1722 statui,

276 1775 432 1851 oportet,
456 1780 500 1823 ne
526 1753 625 1848 lapsu
651 1757 812 1846 temporis
835 1781 898 1846 per
925 1777 1038 1823 catrsss
1070 1771 1227 1823 externas
1246 1757 1494 1825 detrimentum
1519 1761 1631 1846 capiat
1659 1749 1843 1819 indicandi
1861 1752 1969 1834 ratio,

277 1869 462 1949 sensilitas,
486 1867 590 1938 aliave
611 1869 773 1936 materiae
795 1865 1060 1960 hygroscopicac
1084 1869 1250 1936 conditio.

331 1979 377 2046 Et
411 1981 478 2047 hoc
508 1979 649 2071 quidem
685 1977 911 2066 praecipuum
943 1995 995 2044 est
1028 1995 1283 2064 argumentum,
1313 1976 1406 2068 quod
1439 1980 1546 2046 omnis
1582 1977 1655 2044 aeri
1689 1973 1823 2068 physici
1850 1989 1971 2038 contra

278 2108 414 2156 omnem
437 2091 611 2157 materiam
636 2090 830 2171 organicam
852 2107 1014 2178 tanquam
1038 2089 1248 2176 hygromctri
1267 2091 1365 2158 basin
1387 2089 1544 2156 attulere.
1591 2089 1727 2154 Etenim
1748 2085 1838 2150 hanc
1865 2105 1970 2174 prae-

277 2197 364 2263 bent
382 2197 575 2263 animalium
591 2215 625 2264 et
646 2197 842 2290 plantarum
863 2217 1007 2278 organa,
1023 2217 1110 2280 quae
1127 2201 1243 2284 prouti
1266 2198 1479 2280 formantur,
1502 2200 1713 2267 sustinentur
1736 2217 1775 2262 ac
1795 2191 1973 2283 reprodu·

257 2311 407 2373 'cuntur
426 2309 516 2386 vita,
537 2310 584 2376 ita
604 2311 680 2397 ipso
699 2311 785 2375 vitae
805 2305 892 2385 fine,
915 2301 1045 2388 legibus
1065 2306 1277 2392 anorganicis
1300 2307 1462 2384 subdita,
1485 2307 1628 2373 celerius
1650 2304 1822 2370 tardiusve
1843 2301 1974 2368 immu-

280 2434 411 2485 tantur.
456 2419 579 2509 Itaque
604 2417 764 2485 materiae
792 2414 969 2501 organicae
992 2429 1165 2482 structura
1187 2431 1407 2507 nequaquam
1432 2419 1595 2484 constans
1613 2437 1684 2484 esse
1712 2432 1838 2505 potest.
1884 2417 1976 2482 Hinc

257 2519 421 2617 ‘quoque
446 2525 507 2609 fit,
529 2543 587 2611 ut,
610 2529 647 2592 in
668 2551 764 2593 usum
782 2525 1066 2615 hygrcscopicum
1089 2541 1227 2608 vocata,
1250 2523 1330 2590 licet
1355 2547 1425 2590 non
1445 2528 1482 2592 in
1503 2527 1727 2613 putredinem
1749 2527 1866 2604 abeat,
1890 2549 1976 2594 een-

256 2646 260 2656 '
282 2639 347 2704 sim
367 2653 481 2704 tamen
498 2637 691 2727 sensimque
713 2651 868 2702 naturam
887 2651 996 2701 mutet
1019 2654 1074 2716 et,
1099 2637 1162 2704 vcl'
1177 2635 1400 2703 exsiccatione
1431 2632 1602 2700 insensilia
1629 2631 1773 2718 evadat,
1802 2637 1855 2704 vel
1876 2637 1978 2710 cion-

281 2746 416 2834 gatione
444 2749 605 2811 continua
624 2745 724 2809 nimis
745 2743 928 2811 extensilis.
973 2742 1022 2811 De
1052 2746 1224 2813 communi
1244 2743 1312 2810 hoc
1333 2743 1633 2830 hygrometrorum
1655 2762 1851 2816 nostrorum
1871 2749 1974 2829 vitio,

281 2855 352 2940 jam
381 2869 563 2941 querentes
593 2852 796 2921 offendimus
822 2857 989 2942 Leupcld
1015 2873 1050 2922 et
1078 2857 1259 2923 Smeatorr.
1303 2849 1460 2920 Eundem
1485 2854 1736 2922 incusationem
1756 2858 1979 2948 ,repetierunt

255 2981 260 2992 ·
280 2962 374 3028 inter
393 2962 600 3031 recentiores
616 2963 767 3054 Yourrg‚
780 2967 890 3046 Biot,
906 2969 1085 3052 Fischer,
1101 2965 1270 3035 Mancia·
1303 2963 1486 3030 Affirmars
1502 2962 1644 3054 quidem
1660 2964 1758 3046 licet,
1769 2991 1841 3036 non
1862 2993 1978 3041 omnes

283 3073 489 3140 substantias
512 3097 621 3162 aeque
649 3075 804 3144 celeriter
833 3079 901 3148 hoc
925 3081 1045 3148 vitium
1070 3079 1154 3170 pati.
1189 3077 1248 3146 sto
1270 3087 1386 3165 partes
1409 3073 1540 3162 ligneae
1564 3093 1600 3144 et
1621 3075 1898 3147 membranaceae
1919 3085 1976 3151 rix

282 3181 351 3250 niti
376 3197 530 3252 recentes
549 3185 765 3276 hygrcmetro
787 3191 1018 3274 conveniuntg
1038 3190 1165 3258 etenim
1182 3185 1342 3254 citissime
1366 3186 1607 3271 exsiccantur,
1631 3191 1763 3279 quippe
1794 3217 1877 3280 quas
1905 3194 1981 3290 ippa

284 3292 414 3359 Natura
438 3293 481 3358 ab
502 3299 591 3366 airis
619 3303 732 3368 arcuit
752 3317 893 3373 attactu.
938 3297 1032 3366 Aliae
1059 3316 1180 3366 contra
1206 3297 1362 3364 materies
1383 3295 1511 3384 perdiu
1539 3296 1608 3362 rim
1631 3320 1726 3362 suam
1754 3319 1978 3387 conservante

284 3403 451 3470 chordam
475 3429 505 3474 v.
527 3429 557 3491 g.
587 3408 818 3476 intestinalam
842 3431 913 3482 1th
935 3422 1099 3475 mutatam
1121 3423 1201 3497 post
1232 3411 1272 3474 15
1294 3426 1401 3476 annos
1430 3404 1563 3468 invenit
1592 3403 1794 3487 Lamdert3
1817 3409 1911 3476 idem
1938 3412 1983 3480 de

284 3511 427 3580 balaena
451 3531 530 3600 post
552 3519 596 3592 5,
629 3538 686 3595 ιο,
707 3518 792 3601 quin
816 3537 858 3582 ιο
881 3536 988 3578 annos
1016 3515 1160 3580 affirmat
1184 3515 1242 3581 De
1266 3513 1373 3591 Luc‚·
1398 3529 1433 3578 et
1452 3532 1619 3600 provocat
1646 3519 1689 3583 de
1712 3519 1894 3590 Sausrure
1915 3549 1981 3616 pro

286 3619 412 3709 capillo
432 3643 493 3690 suo
514 3622 558 3688 sd
589 3626 695 3718 ipsius
725 3623 958 3704 functionem,
982 3624 1127 3689 arauris
1150 3635 1264 3689 arceat
1287 3620 1443 3706 injurias.
1486 3621 1720 3692 Veruntamen
1738 3627 1856 3698 idonei
1876 3633 1977 3720 hujus

285 3732 336 3796 rei
353 3730 485 3814 judices
513 3737 613 3805 nimis
634 3727 985 3803 unanimo'couscnsu
1003 3731 1188 3824 culparunt
1210 3731 1276 3798 hac
1295 3731 1333 3798 in
1356 3751 1456 3796 causa
1475 3753 1619 3817 regnum
1639 3739 1856 3824 organicum,
1876 3767 1979 3837 quam

283 3855 322 3910 ut
350 3839 416 3908 hoc
438 3844 517 3912 titio
544 3837 831 3933 absolvi'possit‘
860 3844 865 3857 '
893 3839 935 3860 '⁸
1286 3845 1295 3864 '
1360 3852 1366 3865 “
1395 3853 1401 3868 ·

788 3981 904 4131 ..f
1062 4042 1096 4126 s·
1141 3991 1293 4116 ⁵ss

424 4231 590 4300 Examen
615 4226 1248 4320 cernae·marertat·tygroacopicaa
1269 4229 1512 4302 mustitanus
1534 4231 1742 4324 Amogtae
1762 4259 1844 4306 cum

479 4420 486 4459 ,
893 4342 1009 4438 apso
1031 4342 1180 4430 vaporis
1200 4353 1348 4422 notura

334 4545 385 4612 De
407 4537 473 4604 hac
496 4513 707 4626 proprietate
723 4523 903 4627 iripritnis
924 4518 1107 4608 recentiori
1129 4540 1291 4626 tempore
1310 4532 1393 4604 init
1404 4537 1627 4626 disputatum.
1673 4543 1857 4639 Postquam
1886 4553 1978 4624 enim

290 4651 336 4717 aa
362 4651 542 4716 sausoure
569 4643 730 4736 capillum
757 4631 977 4718 admouerat
984 4643 1162 4741 danqusm
1181 4647 1393 4738 hygrometri
1418 4651 1537 4730 basin,
1560 4645 1654 4722 hunc
1677 4659 1979 4746 retrogradationis

289 4761 457 4830 accusarit
478 4759 539 4828 De
563 4758 693 4842 Laoc,
682 4781 764 4827 ne..
746 4763 854 4849 ..ejus
873 4761 972 4891 vitii,
992 4777 1054 4844 nt,
1077 4763 1291 4832 increscente
1312 4757 1550 4854 humiditate,
1559 4763 1773 4842 decresceret
1793 4767 1976 4864 hygrome-
