5216 6270
674 541 724 630 tt
889 541 2181 634 ιῐιιιῒιιιιιιιιιιιιιιιιιῑἰιιιιιιιιιιιῑιιιιιιιιιιι

1122 733 1227 803 Ue..)
1249 749 1294 790 a:
1320 745 1350 769 Ι.
1395 740 1473 808 qia·

1481 757 1861 884 ι·6ι.,’.ζ’..’,,
2113 861 2160 876 ..

1583 873 1591 902 ‹
1618 913 1622 921 ι

1040 995 1099 1063 De
1121 1015 1236 1081 oquae
1258 989 1510 1078 evaporatione
1531 989 1800 1076 Itygrontetriue
1821 993 2056 1078 applicanda.

734 1193 874 1261 Praeter
901 1189 1321 1279 thermoltygrometriam‚
1346 1207 1434 1311 quae
1463 1183 1532 1268 idm
1562 1163 1714 1271 eiposita
1738 1201 1808 1268 est,
1835 1185 2008 1274 diximus,
2032 1213 2147 1264 nostra
2169 1204 2332 1274 methodo
2353 1225 2390 1277 et

693 1307 794 1372 aliam
829 1303 1002 1407 contineri
1029 1304 1235 1408 ratiqnent,
1243 1296 1393 1396 vaporis
1427 1295 1673 1412 hygrometrici
1701 1300 1927 1410 quantitatem
1959 1301 2162 1378 definiendi.
2212 1317 2245 1381 Is
2278 1322 2389 1400 enim,

695 1443 767 1484 nott
792 1415 942 1504 simplici
970 1430 1104 1480 tantum
1100 1369 1322 1496 relrigerio,
1343 1404 1415 1474 sed
1444 1425 1478 1472 et
1501 1407 1608 1496 aquae
1634 1411 1874 1498 evaporatione
1899 1413 1942 1478 ad
1967 1421 2182 1490 saturationis
2205 1431 2389 1498 marimum

687 1527 935 1619 perducitur.
932 1525 1028 1599 Ubi
1048 1539 1178 1604 autem'
1182 1547 1224 1589 ex
1254 1522 1321 1588 hoe
1341 1517 1436 1592 santa
1454 1541 1565 1606 pagus
1582 1520 1715 1608 egetitit
1736 1544 1867 1610 vapor,
1889 1524 1996 1612 frigus
2017 1537 2192 1618 exoritur,
2211 1539 2387 1610 diversum

688 1665 757 1730 pro
776 1642 1027 1732 hggrometrica
1046 1638 1141 1710 adaia
1172 1634 1391 1716 conditione,
1422 1630 1518 1720 quud
1547 1632 1596 1698 sic
1628 1655 1825 1702 mensuram
1855 1637 2017 1730 exhibet,
2042 1665 2159 1714 nostro
2189 1674 2294 1741 scopo
2320 1679 2383 1725 ac-

687 1755 949 1833 commodatam
992 1751 1104 1820 Nou
1084 1749 1278 1850 ιιιιιιιιιίιοῑ
1293 1767 1396 1834 ergo
1404 1745 1704 1834 quehromesria
1734 1763 1873 1836 vocatur
1901 1749 2065 1824 doctrina
2089 1760 2224 1847 frigoris
2252 1789 2386 1856 evapo-

690 1867 832 1942 ratioris
854 1863 1100 1954 hygrometeiae
1119 1862 1306 1955 applicata
1360 1901 1365 1919 ·
1397 1928 1401 1942 ,

689 1965 852 2052 Proeti
872 1995 985 2054 autem
1010 1972 1404 2064 Thermohygrometpia
1416 1935 1647 2058 immediatam
1666 1971 1851 2040 exbssteltat
1868 1934 2134 2070 iudicationem,
2158 2009 2245 2074 quae
2261 2008 2386 2079 sponte

686 2042 763 2168 iere
795 2089 931 2178 vaporis
956 2089 1230 2194 ιὶιιιίιὶιιιιιιιιχ
1232 2101 1296 2172 et,
1329 2083 1493 2173 facillimo
1516 2081 1668 2180 calculo,
1707 2088 1787 2177 ejus
1807 2085 2014 2172 densitatem
2048 2095 2274 2178 redderet,
2264 2119 2311 2169 tta
2348 2105 2384 2172 in

689 2200 963 2292 Pagclarometria
981 2201 1206 2289 complicatae
1225 2199 1383 2271 oriuntur
1408 2194 1640 2284 quaestiones,
1665 2219 1751 2286 quae
1769 2221 1811 2264 ex
1835 2199 1994 2289 physices
2011 2202 2164 2294 legibue,
2186 2216 2264 2280 satis
2286 2239 2383 2284 com.

686 2316 829 2407 positis,
855 2315 1035 2386 solvendae
1057 2329 1151 2383 sunt.
1198 2308 1402 2400 Observatip
1422 2304 1578 2396 quidem
1602 2307 1702 2398 longe
1732 2327 1783 2376 est
1811 2312 2025 2402 simplicior3
2046 2322 2101 2385 nil
2128 2325 2220 2390 euim
2249 2345 2387 2413 praeter

681 2429 972 2505 thermoutetrum
994 2423 1157 2526 postulat.
1213 2420 1384 2524 Tltepria
1389 2441 1470 2510 reto
1477 2420 1640 2514 physica
1668 2422 1830 2512 supplere
1858 2424 1981 2508 debet,
2014 2431 2107 2520 quod
2137 2433 2236 2502 hac
2226 2461 2263 2504 tn
2286 2463 2385 2510 eausa

689 2519 880 2627 requiritur
907 2535 950 2600 ad
980 2516 1233 2623 perficiendam
1258 2532 1533 2620 hygrometriam.
1588 2536 1783 2628 Apparatus
1813 2535 1973 2602 scientiae
2010 2544 2088 2607 satis
2121 2543 2261 2632 insignis
2296 2576 2383 2643 opus

686 2667 752 2720 eat.
797 2648 1000 2720 Videamus
995 2669 1084 2732 ergo
1110 2644 1212 2736 paulo
1238 2647 1428 2734 accuratius
1455 2645 1536 2712 de'
1527 2669 1603 2738 apso
1625 2648 1878 2738 evaporatioqis
1900 2646 2047 2736 frigore,
2072 2670 2110 2720 ut
2128 2675 2266 2746 pateat,
2289 2689 2384 2754 quo..

686 2761 932 2838 madceriude
955 2759 1127 2847 judicium
1137 2759 1270 2824 teratur
1299 2757 1342 2827 ad
1360 2777 1494 2857 spatum
1517 2762 1606 2828 aeris
1629 2762 1934 2854 laggrometricum.

1471 2957 1503 3042 ι.
1549 2900 1602 3024 ia.

1128 3153 1188 3219 De
1200 3151 1349 3240 frigore
1371 3147 1636 3239 evaporatiouis
1659 3151 1697 3216 in
1720 3154 1805 3217 cire
1828 3153 1939 3218 sicco.

734 3358 929 3441 Antequam
958 3347 1150 3436 defrigere
1172 3344 1422 3474 evaporatiouis
1450 3345 1486 3409 in
1515 3351 1594 3410 aare
1623 3342 1767 3408 humido
1791 3341 1956 3421 dicimus,
1982 3347 2162 3418 conveniet
2184 3355 2210 3420 si
2235 3380 2385 3444 genera.

697 3467 756 3530 tim
782 3467 820 3528 in
847 3483 961 3558 causae
989 3457 1236 3550 inquiramus,
1248 3457 1335 3544 quaa
1360 3459 1432 3540 ejus
1450 3457 1685 3544 quantitatem
1705 3455 1741 3519 in
1768 3459 1847 3521 aiire
1867 3453 2109 3524 determinent.

724 3579 924 3654 Panamara,
955 3573 1205 3668 tenuissimum
1224 3591 1330 3658 aquae
1364 3583 1509 3632 stratum
1531 3563 1676 3632 delinita
1707 3569 1803 3636 aeris,
1828 3571 1911 3634 sicci
1938 3572 2128 3658 quantitate
2160 3579 2386 3670 circumdari,

693 3709 728 3760 et
760 3683 1153 3769 abstrahanttteotnuia
1173 3703 1345 3776 empore,
1377 3701 1463 3772 quae
1503 3699 1570 3766 per
1601 3674 1830 3742 radiatiouem
1861 3677 2047 3746 celorinum
2080 3709 2186 3771 aquae
2222 3695 2393 3772 tribuant,

695 3799 868 3872 Continuo
894 3794 1230 3884 ιιιιοιιιοιὶιιιιιιι,
1264 3816 1348 3882 qut,
1374 3805 1413 3854 ut
1444 3787 1585 3860 formari
1606 3785 1760 3874 possint,
1796 3783 2060 3852 determinatam
2081 3791 2222 3876 exigunt
2249 3803 2395 3877 celerini

692 3914 904 4006 portionem
945 3907 1048 3994 Hane
1044 3923 1173 3991 autem
1197 3905 1341 3998 largitur
1364 3907 1442 3983 air,
1467 3897 1526 3988 qui
1546 3897 1594 3964 sic
1615 3893 1848 3980 refrigeratur.
1893 3895 1974 3984 Quo
1992 3902 2095 3986 magis
2114 3907 2280 3995 procedat
2301 3914 2393 3988 haee

697 4026 805 4108 ιοιίο,
827 4043 867 4086 eo
894 4018 1003 4105 nugis
1022 4017 1244 4090 imminuetur
1271 4015 1358 4082 ae’ris
1390 4025 1639 4136 temperatura,
1661 4005 1823 4105 ideoque
1827 4021 1863 4074 et
1884 4012 1994 4096 major
2020 4013 2086 4080 erit
2109 4018 2247 4104 vaporis
2270 4047 2394 4113 quan·

695 4141 791 4222 titas,
817 4133 877 4224 qui
904 4152 969 4221 per
990 4127 1061 4198 hoe
1085 4125 1268 4195 calorieutu
1297 4121 1451 4224 generari
1481 4133 1606 4206 potest.
1662 4115 1741 4210 Ipsa
1777 4139 1859 4181 vero
1883 4116 2105 4194 decrescente
2137 4143 2398 4225 temperatura,

695 4251 808 4316 minor
828 4246 965 4331 vaporis
997 4238 1146 4308 densitas
1168 4230 1359 4322 requiritur
1378 4212 1421 4296 ad
1442 4231 1696 4298 saturationem.
1714 4230 1860 4319 Vapor
1882 4252 1963 4316 ergo
1988 4259 2029 4302 ex
2048 4229 2182 4330 duplici
2201 4239 2265 4306 hac
2291 4267 2397 4317 causa

695 4358 799 4442 magis
827 4353 1003 4448 magisque
1025 4349 1070 4418 ad
1094 4344 1276 4422 maximum
1305 4365 1405 4420 suunt
1428 4339 1597 4424 accedet,
1619 4341 1837 4434 tandemque
1859 4342 1925 4410 hoc
1951 4345 2123 4432 attigerit3
2158 4349 2223 4416 nisi
2248 4355 2320 4427 scil.
2344 4363 2402 4430 ita·

697 4469 910 4549 eliminetur,
939 4480 980 4532 ut
1006 4482 1094 4530 novo
1118 4456 1185 4522 fiat
1210 4454 1321 4558 locus,
1359 4453 1497 4564 prouti
1512 4453 1686 4542 ingeniose
1717 4454 1803 4522 fecit
1832 4456 1976 4534 Laelia,
2010 4457 2194 4527 sarmatum
2229 4487 2399 4557 vaporem

698 4575 916 4645 absorbendo
932 4597 998 4664 ope
1021 4549 1125 4640 Acidi
1152 4567 1368 4658 sulphuriei,
1394 4583 1433 4632 ut
1453 4548 1747 4656 refrigerationem
1766 4567 1987 4669 protraheret
2011 4569 2054 4637 ad
2073 4569 2191 4658 glaciei
2212 4574 2397 4649 formatio.

698 4711 778 4758 nem
806 4708 927 4776 usque
971 4685 1008 4752 si
1040 4707 1123 4754 tero
1153 4707 1223 4788 une
1242 4706 1320 4792 oum
1342 4691 1420 4792 ae're
1441 4694 1576 4750 maneat
1571 4699 1728 4807 thQrp
1751 4679 1896 4750 ulterius
1881 4702 2067 4782 pergere
2086 4681 2296 4777 refrigeratio
2308 4714 2395 4760 nou

694 4797 853 4895 poterit,
868 4815 972 4916 quam
999 4769 1044 4860 ad
1070 4773 1176 4878 illud
1184 4777 1380 4866 marimum.
1416 4770 1637 4912 ceteroquin
1665 4792 1759 4860 enim
1792 4813 1900 4864 novus
1931 4811 2038 4884 vapor
2067 4807 2204 4860 exortus
2225 4799 2399 4870 continuo

1265 4921 1271 4930 '
2321 4914 2402 4986 ita.

1489 5039 1501 5102 i
