5202 6268
484 535 810 620 ansrousro
845 557 907 614 aa
936 542 1375 636 ,ouassrsousu
1409 543 1728 622 aurescens
1907 555 1971 646 ψῃ,

255 729 352 798 initio
376 724 515 796 infinite
539 738 642 792 tenue
662 735 738 807 est„
758 725 844 795 visui
864 739 936 797 sese
956 739 1030 798 uon
1043 729 1200 814 [offerre.
1223 745 1302 802 ante
1319 727 1488 820 quemad
1509 743 1640 800 certam
1657 727 1833 823 quandam
1849 747 1948 806 mass

250 865 318 918 sans
342 840 514 934 pervenit.
562 839 654 910 Tum
681 853 770 906 vero·
785 862 829 911 ex
855 841 1102 930 'experimentis
1124 843 1265 912 directis
1295 854 1438 913 testetur
1470 843 1513 914 el.
1544 845 1868 926 Muecke,'ri1so
1898 871 1944 916 na

248 961 304 1030 rix
328 953 470 1046 quidem
490 954 640 1048 primum
661 955 925 1046 praecipitatum
948 956 1123 1027 mereari
1139 979 1238 1050 posse
1264 958 1338 1046 (*).
1383 957 1448 1024 Hic
1477 955 1620 1049 quidem
1637 955 1821 1048 physicus.
1843 959 1944 1028 nimis

246 1057 388 1138 sortasse
406 1067 472 1134 lroc
488 1077 725 1154 argumentum
745 1091 892 1156 urgens,
913 1077 1082 1164 punctum
1099 1091 1243 1152 rorans,
1256 1066 1361 1161 ⁴quod
1381 1070 1603 1154 observatur,
1626 1069 1727 1156 louge
1748 1069 1842 1140 infra
1862 1095 1940 1142 ms-

244 1185 375 1254 :imum
401 1179 581 1248 densitatis
610 1181 739 1268 ponitg
765 1195 913 1250 attamen
938 1196 1095 1252 constare
1116 1180 1271 1270 ridetur,¹
1293 1183 1375 1252 huic
1398 1181 1595 1254 conditioni
1616 1203 1689 1253 non
1710 1183 1778 1254 nisi
1802 1184 1940 1276 imper-

250 1295 339 1364 fecte
363 1291 557 1362 satisfacere
580 1291 941 1382 thermohygrometre.
1057 1372 1060 1380 Ι

267 1407 335 1478 ..Si
359 1429 443 1480 vero
460 1405 531 1478 hor
546 1422 714 1499 respectu
737 1421 974 1497 Iuompsremns
998 1404 1072 1492 ipss
1095 1408 1188 1475 inter
1213 1432 1248 1478 se
1268 1410 1523 1489 instrumenta,
1546 1423 1641 1501 patet
1665 1409 1801 1496 insigne
1824 1427 1943 1480 eornm

244 1541 315 1588 csse
341 1516 538 1586 discrimen.
583 1519 697 1603 Longe
722 1515 813 1582 enim
832 1529 981 1606 praestat
999 1513 1125 1582 vitrum
1150 1520 1300 1592 metallo.
1345 1522 1427 1592 scil.
1451 1525 1489 1591 in
1515 1523 1582 1590 ho‘c
1607 1522 1723 1590 subito
1755 1535 1826 1591 tota
1848 1543 1937 1590 con-

250 1630 447 1708 turbalritur
466 1629 688 1720 superficies,
711 1630 843 1722 quippe
870 1627 964 1728 quod
989 1627 1175 1700 celoricum
1193 1637 1324 1728 optime
1354 1638 1539 1720 conducite
1571 1637 1609 1704 in
1637 1636 1698 1706 illo
1719 1659 1801 1705 vero
1824 1638 1937 1706 maxi·

244 1766 338 1813 mutu
355 1743 523 1836 refrigerii
547 1747 586 1812 in
608 1731 838 1812 determinato
863 1742 967 1814 modo
987 1743 1066 1814 loco
1084 1744 1193 1816 adest.
1238 1749 1295 1818 Sic
1316 1747 1592 1838 cr'go'nubec'ula
1613 1764 1777 1838 apparet,
1801 1774 1889 1841 quae
1919 1776 1938 1818 a

248 1875 348 1947 parte
368 1855 550 1951 splendida
578 1881 623 1928 se.
642 1857 843 1947 distinguit,
865 1857 1013 1950 ideoque
1035 1861 1110 1930 risu
1138 1861 1248 1930 facilis
1274 1878 1338 1932 esta
1392 1863 1463 1930 liae
1484 1859 1530 1928 tle
1553 1883 1652 1930 causa
1674 1845 1786 1928 minsis
1810 1885 1940 1931 conve·

247 1972 349 2041 niunt
377 1971 466 2040 alter
489 1989 674 2064 apparatus
697 1969 774 2037 cell.
799 1972 956 2037 Danieli
975 1986 1010 2034 et
1037 1976 1204 2052 Kd‘mer.
1228 1999 1296 2046 nec
1318 2001 1388 2044 non
1405 1975 1662 2066 hygromctrum
1682 1971 1725 2041 cl.
1751 1973 1937 2042 Deteret-

243 2107 320 2158 ποι.
373 2085 504 2154 Verum
532 2085 578 2154 ab
613 2083 721 2152 altera
739 2097 848 2172 ‚perte
881 2078 1048 2168 splendor
1079 2084 1268 2154 metallicus
1292 2090 1558 2179 praecipitatum
1581 2083 1701 2154 melius
1728 2083 1938 2174 denunciat}

245 2219 347 2284 quam
366 2196 492 2263 vitrum
515 2195 739 2285 pellucidum·
784 2191 994 2262 Laudandus
1015 2215 1096 2278 ergo
1117 2211 1167 2261 est
1185 2219 1267 2287 exp.
1286 2198 1462 2276 Greiner,
1486 2199 1605 2287 quiin
1623 2220 1694 2264 uno
1711 2198 1941 2266 instrumento

242 2323 388 2397 utraque
411 2309 589 2378 commoda
607 2309 693 2378 adeo
716 2326 796 2399 apte
814 2323 850 2376 et
872 2307 1046 2393 eleganter
1066 2307 1267 2394 conjunxit,
1288 2324 1328 2377 ut
1344 2308 1433 2378 nihil
1454 2309 1528 2377 lere
1549 2310 1588 2378 in
1605 2331 1647 2376 eo
1668 2304 1936 2382 desideraretur.

1021 2501 1055 2583 t·
1099 2499 1154 2588 8r
1233 2603 1236 2612 1

641 2691 702 2762 De
726 2693 838 2793 tertio
859 2693 1314 2799 thermodygronsetrorum
1327 2692 1551 2796 ⁶conditione.

286 2893 477 2975 Ponsmus,
496 2883 786 2980 praecipitationis
812 2901 986 2957 momento
1006 2903 1271 2978 temperaturam
1297 2889 1451 2980 corporis
1478 2887 1671 2974 refrigerati
1700 2909 1818 2956 revers
1845 2895 1949 2974 con·‘

242 3007 360 3078 venire
389 3005 536 3072 maximo
558 3002 757 3084 densitatiss
782 3019 889 3078 restat
906 3005 1104 3072 etiamnunc
1132 3005 1285 3094 quaestio
1305 2999 1489 3078 solvenda,
1511 3016 1629 3070 utrum
1650 3007 1690 3070 'es
1711 3019 1936 3087 cognoscatur

242 3117 571 3188 arthonensem..
605 3113 748 3204 Duplici
761 3114 813 3185 ’de
838 3139 935 3214 eausa
957 3115 1023 3186 hac
1044 3117 1082 3184 in
1104 3139 1143 3184 re
1166 3115 1304 3206 peccari
1325 3129 1460 3202 potests

287 3255 316 3320 r..
340 3229 392 3296 vel
414 3229 694 3296 thermometrum
717 3251 787 3295 non
808 3233 1008 3318 observetur
1022 3236 1099 3321 ipso
1118 3226 1411 3319 praecipitationis
1432 3240 1615 3290 momento·
1653 3223 1714 3290 Est
1736 3221 1827 3289 enim
1845 3243 1931 3309 per·

178 3389 181 3396 -
241 3367 344 3434 quam
368 3340 527 3422 difficile,
552 3338 651 3404 simul
674 3337 876 3408 levissimam
892 3344 1082 3414 ohscrvase,
1093 3337 1300 3414 nubeculam
1321 3353 1357 3400 et
1378 3333 1523 3419 gradum
1545 3327 1934 3406 tharmomutrisubtilis

242 3475 344 3550 atque
363 3455 503 3541 fugacis.
526 3454 679 3537 Augetur
693 3451 867 3532 molestia,
882 3456 910 3522 si
925 3456 1208 3522 tliermometrum
1231 3445 1386 3516 celeriter
1401 3444 1591 3516 descendat
1604 3495 1614 3530 ,
1629 3445 1725 3541 quod
1750 3444 1842 3512 ralet
1860 3443 1933 3510 im·

241 3568 362 3658 primis
386 3565 431 3634 de
451 3566 668 3656 hygrometro
691 3564 785 3634 doct.
809 3567 968 3636 Dauus.
1014 3569 1286 3657 conqueruntur
1309 3562 1375 3628 hac
1398 3560 1441 3628 de
1464 3583 1502 3628 re
1536 3583 1617 3628 eum
1647 3560 1704 3626 alii
1730 3558 1934 3629 observato-

239 3705 311 3758 res,
334 3695 406 3744 tom
430 3678 600 3766 imprimis
629 3681 764 3744 Meikle
788 3677 871 3767 (†)·
917 3680 1040 3770 Neque
1066 3679 1249 3746 immerito.
1292 3673 1429 3771 Duplex
1461 3672 1555 3740 eninr
1581 3675 1794 3753 observatio,
1825 3692 1933 3758 eaque

239 3813 409 3888 perquam
429 3805 607 3869 accurata,
626 3811 765 3877 semper
791 3812 878 3879 opus
900 3805 970 3868 est,
994 3793 1119 3884 quibus
1142 3787 1277 3858 accedit
1297 3785 1442 3854 aetheris
1474 3784 1593 3854 allusio
1621 3785 1710 3852 bene
1741 3778 1934 3867 dirigende·

240 3913 330 3977 llaec
352 3901 466 3970 emnia
488 3898 917 3987 thermohygrometrorum
933 3924 1032 3976 usum
1055 3916 1236 3988 premunt,
1257 3898 1305 3962 ita
1329 3912 1367 3962 ut
1392 3895 1636 3989 experimentis
1656 3894 1795 3986 potius,
1829 3915 1933 3982 quant

236 4015 528 4091 obseruationibus
549 4009 768 4076 instituendis
788 4007 959 4078 destinata
983 4007 1182 4078 videantur.
1224 4005 1410 4080 Attamen.
1439 4029 1479 4070 ex
1508 4006 1585 4098 ipso
1614 4004 1680 4071 hoc
1708 4018 1931 4096 argumento,

236 4149 412 4230 expertum
437 4125 577 4211 exigunt
605 4145 753 4212 eumque
780 4123 1071 4193 accuratissimum
1095 4119 1298 4210 physicum,
1320 4135 1438 4185 arcent
1460 4140 1563 4200 vero,
1587 4117 1793 4208 quicunque
1824 4113 1929 4182 illotis

238 4245 393 4312 manibus
414 4263 454 4306 ea
476 4233 654 4304 tractanda
677 4251 786 4322 putet.

286 4377 316 4424 r.
339 4353 391 4424 rel
410 4353 690 4420 thermometrusu
709 4347 808 4414 aliam
829 4363 1093 4443 temperaturam
1109 4343 1245 4411 'indicat
1261 4367 1299 4410 ae
1318 4357 1369 4408 est
1387 4342 1563 4430 eorporis,
1587 4341 1622 4406 in
1643 4362 1713 4430 quo
1729 4361 1836 4428 rapot·
1858 4336 1924 4406 de·
2030 4387 2033 4396 .

240 4469 393 4560 ponitur.
437 4467 550 4555 Supra
576 4463 645 4548 jam
665 4459 837 4545 vidimus,
860 4460 953 4532 doct.
973 4463 1079 4531 Adia
1100 4461 1203 4548 hujus
1225 4463 1354 4528 erroris
1372 4481 1530 4527 accusare
1556 4460 1812 4549 hygrometrum
1833 4453 1928 4524 doct·

1840 4569 1929 4638 Da·

274 4757 463 4834 (·)ruaacta
480 4755 588 4832 Physik.
611 4754 676 4811 suh
704 4754 792 4812 caim.
812 4757 878 4812 ,ωε
914 4754 949 4812 er,
970 4755 1095 4815 mgkrt,
1116 4755 1206 4810 wart,
1223 4749 1243 4809 1,
1266 4767 1289 4808 ο,
1310 4770 1337 4829 9,
1356 4753 1420 4811 6⁵&

278 4859 330 4935 (f)
347 4853 447 4916 iidata
466 4869 539 4914 new.
556 4851 630 4911 Phil.
651 4854 752 4912 sourn.
778 4849 835 4910 tto.
847 4851 897 4910 ΠΙ.
914 4873 977 4931 pag,
992 4871 1035 4912 aa.
