<?xml version="1.0" encoding="UTF-8"?>
<!DOCTYPE html PUBLIC "-//W3C//DTD XHTML 1.0 Transitional//EN"
    "http://www.w3.org/TR/xhtml1/DTD/xhtml1-transitional.dtd">
<html xmlns="http://www.w3.org/1999/xhtml" xml:lang="en" lang="en">
 <head>
  <title>
</title>
<meta http-equiv="Content-Type" content="text/html;charset=utf-8" />
  <meta name='ocr-system' content='tesseract 3.04.00' />
  <meta name='ocr-capabilities' content='ocr_page ocr_carea ocr_par ocr_line ocrx_word'/>
</head>
<body>
  <div class='ocr_page' id='page_1' title='image "./commentatiodede00suergoog_0072.png"; bbox 0 0 5216 6270; ppageno 0'>
   <div class='ocr_carea' id='block_1_1' title="bbox 377 596 1954 714">
    <p class='ocr_par' dir='ltr' id='par_1_1' title="bbox 377 596 1954 714">
     <span class='ocr_line' id='line_1_1' title="bbox 377 596 1954 714; baseline 0.002 -39"><span class='ocrx_word' id='word_1_1' title='bbox 377 703 380 714; x_wconf 35' lang='grc' dir='ltr'>Ι</span> <span class='ocrx_word' id='word_1_2' title='bbox 474 601 907 676; x_wconf 63' lang='lat' dir='ltr'><strong>nestor-&#39;stoan</strong></span> <span class='ocrx_word' id='word_1_3' title='bbox 942 597 1374 692; x_wconf 61' lang='lat' dir='ltr'><strong>QUEESNON&#39;RM</strong></span> <span class='ocrx_word' id='word_1_4' title='bbox 1399 596 1733 680; x_wconf 58' lang='lat' dir='ltr'><strong>t’tttstutsm</strong></span> <span class='ocrx_word' id='word_1_5' title='bbox 1907 601 1954 678; x_wconf 64' lang='lat' dir='ltr'><strong>fid</strong></span> 
     </span>
    </p>
   </div>
   <div class='ocr_carea' id='block_1_2' title="bbox 333 779 1507 1108">
    <p class='ocr_par' dir='ltr' id='par_1_2' title="bbox 333 779 1507 1108">
     <span class='ocr_line' id='line_1_2' title="bbox 341 779 1507 876; baseline -0.005 -14"><span class='ocrx_word' id='word_1_6' title='bbox 341 818 366 862; x_wconf 81' lang='lat' dir='ltr'><strong>u</strong></span> <span class='ocrx_word' id='word_1_7' title='bbox 399 790 548 860; x_wconf 85' lang='lat' dir='ltr'><strong>densitas</strong></span> <span class='ocrx_word' id='word_1_8' title='bbox 572 785 685 863; x_wconf 73' lang='grc' dir='ltr'><strong>ιὸιίι,</strong></span> <span class='ocrx_word' id='word_1_9' title='bbox 708 783 750 851; x_wconf 85' lang='lat' dir='ltr'><strong>ad</strong></span> <span class='ocrx_word' id='word_1_10' title='bbox 773 795 810 853; x_wconf 79' lang='lat' dir='ltr'><strong>o·</strong></span> <span class='ocrx_word' id='word_1_11' title='bbox 836 783 868 854; x_wconf 83' lang='lat'><em>0</em></span> <span class='ocrx_word' id='word_1_12' title='bbox 887 801 922 853; x_wconf 87' lang='lat' dir='ltr'><strong>et</strong></span> <span class='ocrx_word' id='word_1_13' title='bbox 943 785 979 854; x_wconf 86' lang='lat' dir='ltr'><em>B</em></span> <span class='ocrx_word' id='word_1_14' title='bbox 998 807 1044 852; x_wconf 88' lang='lat'>=</span> <span class='ocrx_word' id='word_1_15' title='bbox 1064 786 1106 854; x_wconf 84' lang='grc' dir='ltr'>ιὸ</span> <span class='ocrx_word' id='word_1_16' title='bbox 1128 779 1234 876; x_wconf 65' lang='lat' dir='ltr'><strong>poll„</strong></span> <span class='ocrx_word' id='word_1_17' title='bbox 1255 797 1314 851; x_wconf 85' lang='lat' dir='ltr'><strong>aut</strong></span> <span class='ocrx_word' id='word_1_18' title='bbox 1333 802 1380 850; x_wconf 87' lang='grc'>.···.</span> <span class='ocrx_word' id='word_1_19' title='bbox 1399 788 1507 874; x_wconf 78' lang='lat'><strong>0¹,76</strong></span> 
     </span>
     <span class='ocr_line' id='line_1_3' title="bbox 333 897 1145 986; baseline -0.007 -12"><span class='ocrx_word' id='word_1_20' title='bbox 333 933 370 974; x_wconf 92' lang='lat' dir='ltr'><strong>m</strong></span> <span class='ocrx_word' id='word_1_21' title='bbox 391 904 584 974; x_wconf 74' lang='lat' dir='ltr'><strong>coefficiens</strong></span> <span class='ocrx_word' id='word_1_22' title='bbox 608 897 816 966; x_wconf 90' lang='lat' dir='ltr'><strong>dilatationis</strong></span> <span class='ocrx_word' id='word_1_23' title='bbox 837 921 883 963; x_wconf 70' lang='grc' dir='ltr'>ε</span> <span class='ocrx_word' id='word_1_24' title='bbox 904 900 1047 986; x_wconf 81' lang='lat' dir='ltr'><strong>o,00375</strong></span> <span class='ocrx_word' id='word_1_25' title='bbox 1140 927 1145 936; x_wconf 80' lang='grc'>’</span> 
     </span>
     <span class='ocr_line' id='line_1_4' title="bbox 349 1018 740 1108; baseline -0.018 -20"><span class='ocrx_word' id='word_1_26' title='bbox 349 1034 364 1088; x_wconf 88' lang='grc' dir='ltr'><strong>ι</strong></span> <span class='ocrx_word' id='word_1_27' title='bbox 387 1018 475 1086; x_wconf 71' lang='lat' dir='ltr'><strong>airis</strong></span> <span class='ocrx_word' id='word_1_28' title='bbox 499 1027 740 1108; x_wconf 80' lang='lat' dir='ltr'><strong>temperatura.</strong></span> 
     </span>
    </p>
   </div>
   <div class='ocr_carea' id='block_1_3' title="bbox 392 1210 1843 1524">
    <p class='ocr_par' dir='ltr' id='par_1_3' title="bbox 392 1210 1843 1494">
     <span class='ocr_line' id='line_1_5' title="bbox 1029 1210 1391 1300; baseline -0.008 -19"><span class='ocrx_word' id='word_1_29' title='bbox 1029 1214 1065 1300; x_wconf 55' lang='lat'><strong>§3</strong></span> <span class='ocrx_word' id='word_1_30' title='bbox 1105 1210 1162 1280; x_wconf 76' lang='lat' dir='ltr'><strong>tt.</strong></span> <span class='ocrx_word' id='word_1_31' title='bbox 1238 1268 1253 1284; x_wconf 79' lang='grc'><strong>.,</strong></span> <span class='ocrx_word' id='word_1_32' title='bbox 1332 1274 1336 1289; x_wconf 87' lang='grc'>,</span> <span class='ocrx_word' id='word_1_33' title='bbox 1388 1249 1391 1256; x_wconf 91' lang='grc'>-</span> 
     </span>
     <span class='ocr_line' id='line_1_6' title="bbox 392 1385 1843 1524; baseline -0.004 -50"><span class='ocrx_word' id='word_1_34' title='bbox 392 1403 394 1410; x_wconf 72' lang='grc'><em>’</em></span> <span class='ocrx_word' id='word_1_35' title='bbox 502 1405 562 1474; x_wconf 83' lang='lat' dir='ltr'><strong>De</strong></span> <span class='ocrx_word' id='word_1_36' title='bbox 584 1405 746 1488; x_wconf 84' lang='lat' dir='ltr'><strong>ratione,</strong></span> <span class='ocrx_word' id='word_1_37' title='bbox 773 1430 844 1494; x_wconf 82' lang='lat' dir='ltr'><strong>qua</strong></span> <span class='ocrx_word' id='word_1_38' title='bbox 867 1385 1119 1494; x_wconf 58' lang='lat' dir='ltr'><strong>temperatura</strong></span> <span class='ocrx_word' id='word_1_39' title='bbox 1141 1405 1295 1524; x_wconf 70' lang='lat' dir='ltr'><strong>moximi</strong></span> <span class='ocrx_word' id='word_1_40' title='bbox 1312 1403 1465 1494; x_wconf 82' lang='lat' dir='ltr'><strong>vopo&#39;rt&#39;a</strong></span> <span class='ocrx_word' id='word_1_41' title='bbox 1488 1396 1753 1471; x_wconf 44' lang='lat' dir='ltr'><strong>observator?</strong></span> <span class='ocrx_word' id='word_1_42' title='bbox 1839 1391 1843 1401; x_wconf 79' lang='grc'><strong>’</strong></span> 
     </span>
    </p>
   </div>
   <div class='ocr_carea' id='block_1_4' title="bbox 243 1595 1942 2030">
    <p class='ocr_par' dir='ltr' id='par_1_4' title="bbox 243 1595 1942 2030">
     <span class='ocr_line' id='line_1_7' title="bbox 243 1595 1940 1698; baseline -0.002 -26.907"><span class='ocrx_word' id='word_1_43' title='bbox 243 1603 523 1698; x_wconf 82' lang='lat' dir='ltr'><strong>Exposuimus</strong></span> <span class='ocrx_word' id='word_1_44' title='bbox 561 1621 659 1688; x_wconf 78' lang='lat' dir='ltr'><strong>ergo,</strong></span> <span class='ocrx_word' id='word_1_45' title='bbox 693 1597 891 1690; x_wconf 77' lang='lat' dir='ltr'><strong>quomodo,</strong></span> <span class='ocrx_word' id='word_1_46' title='bbox 919 1617 1046 1690; x_wconf 79' lang='lat' dir='ltr'><strong>sapore</strong></span> <span class='ocrx_word' id='word_1_47' title='bbox 1078 1597 1122 1664; x_wconf 91' lang='lat' dir='ltr'><strong>ad</strong></span> <span class='ocrx_word' id='word_1_48' title='bbox 1151 1601 1338 1668; x_wconf 83' lang='lat' dir='ltr'><strong>marimum</strong></span> <span class='ocrx_word' id='word_1_49' title='bbox 1370 1595 1565 1689; x_wconf 77' lang='lat' dir='ltr'><strong>perducto,</strong></span> <span class='ocrx_word' id='word_1_50' title='bbox 1597 1595 1844 1666; x_wconf 87' lang='lat' dir='ltr'><strong>determinetur</strong></span> <span class='ocrx_word' id='word_1_51' title='bbox 1867 1603 1940 1687; x_wconf 85' lang='lat' dir='ltr'><strong>ejus</strong></span> 
     </span>
     <span class='ocr_line' id='line_1_8' title="bbox 249 1691 1940 1805; baseline -0.004 -18"><span class='ocrx_word' id='word_1_52' title='bbox 249 1720 411 1787; x_wconf 87' lang='lat' dir='ltr'><strong>densitas.</strong></span> <span class='ocrx_word' id='word_1_53' title='bbox 456 1718 587 1805; x_wconf 78' lang='lat' dir='ltr'><strong>Sponte</strong></span> <span class='ocrx_word' id='word_1_54' title='bbox 608 1737 690 1784; x_wconf 84' lang='lat' dir='ltr'><strong>vero</strong></span> <span class='ocrx_word' id='word_1_55' title='bbox 720 1713 757 1780; x_wconf 89' lang='lat' dir='ltr'><strong>in</strong></span> <span class='ocrx_word' id='word_1_56' title='bbox 787 1715 1020 1804; x_wconf 88' lang='lat' dir='ltr'><strong>quaestionem</strong></span> <span class='ocrx_word' id='word_1_57' title='bbox 1046 1691 1248 1788; x_wconf 76' lang='lat' dir='ltr'><strong>incidimus,</strong></span> <span class='ocrx_word' id='word_1_58' title='bbox 1271 1711 1358 1802; x_wconf 88' lang='lat' dir='ltr'><strong>quid</strong></span> <span class='ocrx_word' id='word_1_59' title='bbox 1383 1709 1523 1777; x_wconf 87' lang='lat' dir='ltr'><strong>tandem</strong></span> <span class='ocrx_word' id='word_1_60' title='bbox 1543 1711 1587 1776; x_wconf 90' lang='lat' dir='ltr'><strong>sit</strong></span> <span class='ocrx_word' id='word_1_61' title='bbox 1609 1712 1784 1778; x_wconf 77' lang='lat' dir='ltr'><strong>criterium</strong></span> <span class='ocrx_word' id='word_1_62' title='bbox 1804 1730 1940 1802; x_wconf 61' lang='lat' dir='ltr'><strong>tempe*</strong></span> 
     </span>
     <span class='ocr_line' id='line_1_9' title="bbox 245 1823 1942 1917; baseline -0.003 -19"><span class='ocrx_word' id='word_1_63' title='bbox 245 1849 410 1910; x_wconf 88' lang='lat' dir='ltr'><strong>raturae,·</strong></span> <span class='ocrx_word' id='word_1_64' title='bbox 427 1825 581 1917; x_wconf 87' lang='lat' dir='ltr'><strong>quaeilli</strong></span> <span class='ocrx_word' id='word_1_65' title='bbox 605 1827 752 1894; x_wconf 86' lang='lat' dir='ltr'><strong>maximo</strong></span> <span class='ocrx_word' id='word_1_66' title='bbox 774 1825 993 1916; x_wconf 75' lang='lat' dir='ltr'><strong>respondet?</strong></span> <span class='ocrx_word' id='word_1_67' title='bbox 1035 1823 1150 1894; x_wconf 83' lang='lat' dir='ltr'><strong>Facile</strong></span> <span class='ocrx_word' id='word_1_68' title='bbox 1171 1827 1301 1914; x_wconf 73' lang='lat' dir='ltr'><strong>etipsa</strong></span> <span class='ocrx_word' id='word_1_69' title='bbox 1322 1827 1397 1911; x_wconf 87' lang='lat' dir='ltr'><strong>ejus</strong></span> <span class='ocrx_word' id='word_1_70' title='bbox 1418 1839 1546 1889; x_wconf 84' lang='lat' dir='ltr'><strong>natura</strong></span> <span class='ocrx_word' id='word_1_71' title='bbox 1568 1823 1711 1911; x_wconf 81' lang='lat' dir='ltr'><strong>petitur.</strong></span> <span class='ocrx_word' id='word_1_72' title='bbox 1756 1824 1827 1913; x_wconf 87' lang='lat' dir='ltr'><strong>Qui</strong></span> <span class='ocrx_word' id='word_1_73' title='bbox 1850 1829 1942 1894; x_wconf 89' lang='lat' dir='ltr'><strong>enim</strong></span> 
     </span>
     <span class='ocr_line' id='line_1_10' title="bbox 248 1935 1940 2030; baseline -0.003 -22"><span class='ocrx_word' id='word_1_74' title='bbox 248 1945 313 2008; x_wconf 81' lang='lat' dir='ltr'><strong>liae</strong></span> <span class='ocrx_word' id='word_1_75' title='bbox 340 1939 536 2007; x_wconf 87' lang='lat' dir='ltr'><strong>conditione</strong></span> <span class='ocrx_word' id='word_1_76' title='bbox 557 1964 592 2008; x_wconf 85' lang='lat' dir='ltr'><strong>se</strong></span> <span class='ocrx_word' id='word_1_77' title='bbox 615 1939 722 2005; x_wconf 88' lang='lat' dir='ltr'><strong>hahet</strong></span> <span class='ocrx_word' id='word_1_78' title='bbox 739 1961 865 2028; x_wconf 74' lang='lat' dir='ltr'><strong>vapor,</strong></span> <span class='ocrx_word' id='word_1_79' title='bbox 887 1939 1115 2007; x_wconf 88' lang='lat' dir='ltr'><strong>minutissima</strong></span> <span class='ocrx_word' id='word_1_80' title='bbox 1132 1939 1234 2006; x_wconf 86' lang='lat' dir='ltr'><strong>etiam</strong></span> <span class='ocrx_word' id='word_1_81' title='bbox 1259 1953 1511 2028; x_wconf 72' lang='lat' dir='ltr'><strong>temperaturae</strong></span> <span class='ocrx_word' id='word_1_82' title='bbox 1531 1935 1773 2002; x_wconf 75' lang='lat' dir='ltr'><strong>imminutione</strong></span> <span class='ocrx_word' id='word_1_83' title='bbox 1802 1938 1940 2030; x_wconf 86' lang='lat' dir='ltr'><strong>praeci-&#39;-</strong></span> 
     </span>
    </p>
   </div>
   <div class='ocr_carea' id='block_1_5' title="bbox 106 2036 1939 2146">
    <p class='ocr_par' dir='ltr' id='par_1_5' title="bbox 106 2036 1939 2146">
     <span class='ocr_line' id='line_1_11' title="bbox 106 2036 1939 2146; baseline -0.002 -28"><span class='ocrx_word' id='word_1_84' title='bbox 106 2069 122 2076; x_wconf 84' lang='grc'><em>·</em></span> <span class='ocrx_word' id='word_1_85' title='bbox 243 2053 389 2146; x_wconf 87' lang='lat' dir='ltr'><strong>pitatur.</strong></span> <span class='ocrx_word' id='word_1_86' title='bbox 435 2053 550 2118; x_wconf 87' lang='lat' dir='ltr'><strong>Prima</strong></span> <span class='ocrx_word' id='word_1_87' title='bbox 572 2075 654 2138; x_wconf 80' lang='lat' dir='ltr'><strong>ergo</strong></span> <span class='ocrx_word' id='word_1_88' title='bbox 677 2052 814 2138; x_wconf 86' lang='lat' dir='ltr'><strong>vaporis</strong></span> <span class='ocrx_word' id='word_1_89' title='bbox 840 2051 1062 2120; x_wconf 71' lang='lat' dir='ltr'><strong>condensatio</strong></span> <span class='ocrx_word' id='word_1_90' title='bbox 1082 2036 1251 2122; x_wconf 82' lang='lat' dir='ltr'><strong>indicium</strong></span> <span class='ocrx_word' id='word_1_91' title='bbox 1271 2051 1355 2130; x_wconf 89' lang='lat' dir='ltr'><strong>erit,</strong></span> <span class='ocrx_word' id='word_1_92' title='bbox 1377 2051 1527 2138; x_wconf 74' lang='lat' dir='ltr'><strong>attigisse</strong></span> <span class='ocrx_word' id='word_1_93' title='bbox 1550 2074 1628 2117; x_wconf 88' lang='lat' dir='ltr'><strong>eom</strong></span> <span class='ocrx_word' id='word_1_94' title='bbox 1654 2049 1721 2116; x_wconf 92' lang='lat' dir='ltr'><strong>hoc</strong></span> <span class='ocrx_word' id='word_1_95' title='bbox 1745 2051 1939 2116; x_wconf 87' lang='lat' dir='ltr'><strong>marimum.</strong></span> 
     </span>
    </p>
   </div>
   <div class='ocr_carea' id='block_1_6' title="bbox 241 2159 2034 3032">
    <p class='ocr_par' dir='ltr' id='par_1_6' title="bbox 241 2159 1945 2710">
     <span class='ocr_line' id='line_1_12' title="bbox 241 2159 1942 2254; baseline -0.004 -18"><span class='ocrx_word' id='word_1_96' title='bbox 241 2169 342 2236; x_wconf 75' lang='lat' dir='ltr'><strong>{ioris</strong></span> <span class='ocrx_word' id='word_1_97' title='bbox 359 2175 482 2250; x_wconf 71' lang='lat' dir='ltr'><strong>lautam</strong></span> <span class='ocrx_word' id='word_1_98' title='bbox 511 2163 622 2228; x_wconf 76' lang='lat' dir='ltr'><strong>forma</strong></span> <span class='ocrx_word' id='word_1_99' title='bbox 650 2160 850 2246; x_wconf 89' lang='lat' dir='ltr'><strong>deponitur.</strong></span> <span class='ocrx_word' id='word_1_100' title='bbox 892 2164 984 2228; x_wconf 86' lang='lat' dir='ltr'><strong>Hinc</strong></span> <span class='ocrx_word' id='word_1_101' title='bbox 1012 2164 1073 2235; x_wconf 84' lang='lat' dir='ltr'><strong>fit,</strong></span> <span class='ocrx_word' id='word_1_102' title='bbox 1106 2177 1146 2226; x_wconf 90' lang='lat' dir='ltr'><strong>ut</strong></span> <span class='ocrx_word' id='word_1_103' title='bbox 1175 2181 1425 2251; x_wconf 85' lang='lat' dir='ltr'><strong>temperatura,</strong></span> <span class='ocrx_word' id='word_1_104' title='bbox 1449 2187 1539 2254; x_wconf 87' lang='lat' dir='ltr'><strong>quae</strong></span> <span class='ocrx_word' id='word_1_105' title='bbox 1571 2163 1653 2230; x_wconf 89' lang='lat' dir='ltr'><strong>huic</strong></span> <span class='ocrx_word' id='word_1_106' title='bbox 1683 2159 1942 2229; x_wconf 87' lang='lat' dir='ltr'><strong>condensatioui</strong></span> 
     </span>
     <span class='ocr_line' id='line_1_13' title="bbox 246 2261 1941 2367; baseline -0.004 -19"><span class='ocrx_word' id='word_1_107' title='bbox 246 2277 454 2367; x_wconf 75' lang='lat' dir='ltr'><strong>respondet,</strong></span> <span class='ocrx_word' id='word_1_108' title='bbox 476 2291 618 2343; x_wconf 83' lang='lat' dir='ltr'><strong>vocetur</strong></span> <span class='ocrx_word' id='word_1_109' title='bbox 642 2283 828 2360; x_wconf 81' lang='lat' dir='ltr'><strong>punctum</strong></span> <span class='ocrx_word' id='word_1_110' title='bbox 854 2294 983 2338; x_wconf 77' lang='lat' dir='ltr'><strong>rorone</strong></span> <span class='ocrx_word' id='word_1_111' title='bbox 1014 2273 1260 2359; x_wconf 78' lang='lat' dir='ltr'><strong>(douwpuut,</strong></span> <span class='ocrx_word' id='word_1_112' title='bbox 1284 2276 1499 2366; x_wconf 79' lang='lat' dir='ltr'><strong>dewpoint).</strong></span> <span class='ocrx_word' id='word_1_113' title='bbox 1543 2280 1675 2344; x_wconf 83' lang='lat' dir='ltr'><strong>Revera</strong></span> <span class='ocrx_word' id='word_1_114' title='bbox 1705 2272 1844 2363; x_wconf 86' lang='lat' dir='ltr'><strong>quidem</strong></span> <span class='ocrx_word' id='word_1_115' title='bbox 1863 2261 1941 2346; x_wconf 57' lang='lat' dir='ltr'><strong>mass</strong></span> 
     </span>
     <span class='ocr_line' id='line_1_14' title="bbox 246 2383 1943 2476; baseline -0.006 -14"><span class='ocrx_word' id='word_1_116' title='bbox 246 2395 374 2462; x_wconf 79' lang='lat' dir='ltr'><strong>risuum</strong></span> <span class='ocrx_word' id='word_1_117' title='bbox 403 2385 490 2455; x_wconf 91' lang='lat' dir='ltr'><strong>illud</strong></span> <span class='ocrx_word' id='word_1_118' title='bbox 516 2387 584 2453; x_wconf 85' lang='lat' dir='ltr'><strong>hoc</strong></span> <span class='ocrx_word' id='word_1_119' title='bbox 615 2399 792 2452; x_wconf 90' lang='lat' dir='ltr'><strong>momento</strong></span> <span class='ocrx_word' id='word_1_120' title='bbox 812 2383 882 2470; x_wconf 87' lang='lat' dir='ltr'><strong>jam</strong></span> <span class='ocrx_word' id='word_1_121' title='bbox 907 2386 1178 2476; x_wconf 86' lang='lat' dir='ltr'><strong>praeterlapsum</strong></span> <span class='ocrx_word' id='word_1_122' title='bbox 1198 2403 1262 2454; x_wconf 78' lang='lat' dir='ltr'><strong>est.</strong></span> <span class='ocrx_word' id='word_1_123' title='bbox 1305 2388 1423 2474; x_wconf 89' lang='lat' dir='ltr'><strong>Quum</strong></span> <span class='ocrx_word' id='word_1_124' title='bbox 1451 2409 1532 2458; x_wconf 84' lang='lat' dir='ltr'><strong>vero</strong></span> <span class='ocrx_word' id='word_1_125' title='bbox 1561 2403 1811 2476; x_wconf 81' lang='lat' dir='ltr'><strong>temperaturae</strong></span> <span class='ocrx_word' id='word_1_126' title='bbox 1836 2387 1943 2453; x_wconf 82' lang='lat' dir='ltr'><strong>diffe-</strong></span> 
     </span>
     <span class='ocr_line' id='line_1_15' title="bbox 245 2495 1945 2623; baseline -0.006 -48"><span class='ocrx_word' id='word_1_127' title='bbox 245 2505 356 2575; x_wconf 80' lang='lat' dir='ltr'><strong>rentia</strong></span> <span class='ocrx_word' id='word_1_128' title='bbox 378 2525 482 2596; x_wconf 89' lang='lat' dir='ltr'><strong>quam</strong></span> <span class='ocrx_word' id='word_1_129' title='bbox 504 2499 644 2566; x_wconf 90' lang='lat' dir='ltr'><strong>minima</strong></span> <span class='ocrx_word' id='word_1_130' title='bbox 667 2495 930 2563; x_wconf 84' lang='lat' dir='ltr'><strong>condensationi</strong></span> <span class='ocrx_word' id='word_1_131' title='bbox 955 2497 1192 2588; x_wconf 86' lang='lat' dir='ltr'><strong>perficiendae</strong></span> <span class='ocrx_word' id='word_1_132' title='bbox 1211 2497 1409 2580; x_wconf 49' lang='lat' dir='ltr'><strong>sufficiats</strong></span> <span class='ocrx_word' id='word_1_133' title='bbox 1399 2521 1514 2585; x_wconf 87' lang='lat' dir='ltr'><strong>tpsum</strong></span> <span class='ocrx_word' id='word_1_134' title='bbox 1531 2513 1717 2623; x_wconf 86' lang='lat' dir='ltr'><strong>punctum</strong></span> <span class='ocrx_word' id='word_1_135' title='bbox 1727 2519 1848 2564; x_wconf 88' lang='lat' dir='ltr'><strong>rorans</strong></span> <span class='ocrx_word' id='word_1_136' title='bbox 1878 2521 1945 2586; x_wconf 87' lang='lat' dir='ltr'><strong>pro</strong></span> 
     </span>
     <span class='ocr_line' id='line_1_16' title="bbox 247 2607 950 2710; baseline -0.02 -20"><span class='ocrx_word' id='word_1_137' title='bbox 247 2633 477 2710; x_wconf 85' lang='lat' dir='ltr'><strong>temperatura</strong></span> <span class='ocrx_word' id='word_1_138' title='bbox 503 2611 641 2678; x_wconf 82' lang='lat' dir='ltr'><strong>maximi</strong></span> <span class='ocrx_word' id='word_1_139' title='bbox 663 2607 786 2676; x_wconf 87' lang='lat' dir='ltr'><strong>haberi</strong></span> <span class='ocrx_word' id='word_1_140' title='bbox 808 2611 950 2699; x_wconf 88' lang='lat' dir='ltr'><strong>poterit.</strong></span> 
     </span>
    </p>

    <p class='ocr_par' dir='ltr' id='par_1_7' title="bbox 244 2721 2034 3032">
     <span class='ocr_line' id='line_1_17' title="bbox 285 2721 1946 2816; baseline -0.004 -19"><span class='ocrx_word' id='word_1_141' title='bbox 285 2729 481 2813; x_wconf 81' lang='lat' dir='ltr'><strong>Colligimus</strong></span> <span class='ocrx_word' id='word_1_142' title='bbox 508 2745 550 2788; x_wconf 87' lang='lat' dir='ltr'><strong>ex</strong></span> <span class='ocrx_word' id='word_1_143' title='bbox 580 2721 789 2808; x_wconf 85' lang='lat' dir='ltr'><strong>disputatis,</strong></span> <span class='ocrx_word' id='word_1_144' title='bbox 820 2738 860 2787; x_wconf 91' lang='lat' dir='ltr'><strong>ut</strong></span> <span class='ocrx_word' id='word_1_145' title='bbox 890 2727 1042 2811; x_wconf 87' lang='lat' dir='ltr'><strong>quaesita</strong></span> <span class='ocrx_word' id='word_1_146' title='bbox 1072 2723 1223 2794; x_wconf 76' lang='lat' dir='ltr'><strong>densitas</strong></span> <span class='ocrx_word' id='word_1_147' title='bbox 1249 2745 1290 2790; x_wconf 85' lang='lat' dir='ltr'><strong>er</strong></span> <span class='ocrx_word' id='word_1_148' title='bbox 1314 2721 1382 2788; x_wconf 89' lang='lat' dir='ltr'><strong>hoe</strong></span> <span class='ocrx_word' id='word_1_149' title='bbox 1413 2721 1510 2791; x_wconf 84' lang='lat' dir='ltr'><strong>fonte</strong></span> <span class='ocrx_word' id='word_1_150' title='bbox 1543 2721 1754 2800; x_wconf 79' lang='lat' dir='ltr'><strong>inveniatur,</strong></span> <span class='ocrx_word' id='word_1_151' title='bbox 1785 2745 1946 2816; x_wconf 85' lang='lat' dir='ltr'><strong>vaporem</strong></span> 
     </span>
     <span class='ocr_line' id='line_1_18' title="bbox 249 2827 2034 2928; baseline -0.007 -14"><span class='ocrx_word' id='word_1_152' title='bbox 249 2867 320 2913; x_wconf 87' lang='lat' dir='ltr'><strong>esse</strong></span> <span class='ocrx_word' id='word_1_153' title='bbox 342 2832 639 2922; x_wconf 81' lang='lat' dir='ltr'><strong>refrigerandum,</strong></span> <span class='ocrx_word' id='word_1_154' title='bbox 663 2827 775 2896; x_wconf 88' lang='lat' dir='ltr'><strong>donee</strong></span> <span class='ocrx_word' id='word_1_155' title='bbox 807 2833 952 2926; x_wconf 89' lang='lat' dir='ltr'><strong>incipiat</strong></span> <span class='ocrx_word' id='word_1_156' title='bbox 971 2833 1236 2928; x_wconf 73' lang='lat' dir='ltr'><strong>praecipitatio,</strong></span> <span class='ocrx_word' id='word_1_157' title='bbox 1258 2851 1399 2923; x_wconf 87' lang='lat' dir='ltr'><strong>tumque</strong></span> <span class='ocrx_word' id='word_1_158' title='bbox 1423 2849 1690 2923; x_wconf 88' lang='lat' dir='ltr'><strong>temperaturam</strong></span> <span class='ocrx_word' id='word_1_159' title='bbox 1718 2849 1790 2897; x_wconf 77' lang='lat' dir='ltr'><strong>esee</strong></span> <span class='ocrx_word' id='word_1_160' title='bbox 1820 2837 1944 2923; x_wconf 83' lang='lat' dir='ltr'><strong>expio·</strong></span> <span class='ocrx_word' id='word_1_161' title='bbox 2033 2922 2034 2926; x_wconf 7' lang='grc' dir='ltr'><strong>Ἰ</strong></span> 
     </span>
     <span class='ocr_line' id='line_1_19' title="bbox 244 2941 1941 3032; baseline -0.007 -5"><span class='ocrx_word' id='word_1_162' title='bbox 244 2955 401 3028; x_wconf 86' lang='lat' dir='ltr'><strong>randum.</strong></span> <span class='ocrx_word' id='word_1_163' title='bbox 448 2948 507 3018; x_wconf 86' lang='lat' dir='ltr'><strong>Sic</strong></span> <span class='ocrx_word' id='word_1_164' title='bbox 536 2941 727 3022; x_wconf 81' lang='lat' dir='ltr'><strong>elaborata,</strong></span> <span class='ocrx_word' id='word_1_165' title='bbox 762 2963 879 3012; x_wconf 88' lang='lat' dir='ltr'><strong>nostra</strong></span> <span class='ocrx_word' id='word_1_166' title='bbox 909 2948 1092 3018; x_wconf 88' lang='lat' dir='ltr'><strong>methodus</strong></span> <span class='ocrx_word' id='word_1_167' title='bbox 1116 2975 1188 3019; x_wconf 89' lang='lat' dir='ltr'><strong>non</strong></span> <span class='ocrx_word' id='word_1_168' title='bbox 1219 2945 1390 3014; x_wconf 89' lang='lat' dir='ltr'><strong>immerito</strong></span> <span class='ocrx_word' id='word_1_169' title='bbox 1420 2944 1846 3032; x_wconf 76' lang='lat' dir='ltr'><strong>Thermohygrometriae</strong></span> <span class='ocrx_word' id='word_1_170' title='bbox 1872 2971 1941 3015; x_wconf 92' lang='lat' dir='ltr'><strong>no-</strong></span> 
     </span>
    </p>
   </div>
   <div class='ocr_carea' id='block_1_7' title="bbox 244 3059 1938 3542">
    <p class='ocr_par' dir='ltr' id='par_1_8' title="bbox 244 3059 1938 3542">
     <span class='ocr_line' id='line_1_20' title="bbox 244 3059 1938 3166; baseline -0.001 -30"><span class='ocrx_word' id='word_1_171' title='bbox 244 3093 324 3140; x_wconf 87' lang='lat' dir='ltr'><strong>men</strong></span> <span class='ocrx_word' id='word_1_172' title='bbox 342 3063 466 3140; x_wconf 87' lang='lat' dir='ltr'><strong>habet,</strong></span> <span class='ocrx_word' id='word_1_173' title='bbox 486 3059 636 3166; x_wconf 83' lang='lat' dir='ltr'><strong>ideoque</strong></span> <span class='ocrx_word' id='word_1_174' title='bbox 659 3073 865 3146; x_wconf 88' lang='lat' dir='ltr'><strong>apparatus,</strong></span> <span class='ocrx_word' id='word_1_175' title='bbox 888 3059 969 3133; x_wconf 90' lang='lat' dir='ltr'><strong>huic</strong></span> <span class='ocrx_word' id='word_1_176' title='bbox 986 3087 1092 3155; x_wconf 87' lang='lat' dir='ltr'><strong>scopo</strong></span> <span class='ocrx_word' id='word_1_177' title='bbox 1112 3065 1323 3142; x_wconf 85' lang='lat' dir='ltr'><strong>destinatus,</strong></span> <span class='ocrx_word' id='word_1_178' title='bbox 1346 3061 1776 3152; x_wconf 75' lang='lat' dir='ltr'><strong>Thermoltygrometrum</strong></span> <span class='ocrx_word' id='word_1_179' title='bbox 1798 3060 1938 3134; x_wconf 84' lang='lat' dir='ltr'><strong>dicitur.</strong></span> 
     </span>
     <span class='ocr_line' id='line_1_21' title="bbox 1022 3235 1210 3352; baseline -0.011 -18"><span class='ocrx_word' id='word_1_180' title='bbox 1022 3266 1056 3352; x_wconf 84' lang='lat'><strong>§-</strong></span> <span class='ocrx_word' id='word_1_181' title='bbox 1099 3263 1152 3334; x_wconf 75' lang='grc' dir='ltr'><strong>ιι.</strong></span> <span class='ocrx_word' id='word_1_182' title='bbox 1207 3235 1210 3244; x_wconf 82' lang='grc'><em>’</em></span> 
     </span>
     <span class='ocr_line' id='line_1_22' title="bbox 511 3447 1710 3542; baseline -0.003 -26"><span class='ocrx_word' id='word_1_183' title='bbox 511 3447 572 3516; x_wconf 86' lang='lat' dir='ltr'><strong>De</strong></span> <span class='ocrx_word' id='word_1_184' title='bbox 598 3449 995 3538; x_wconf 71' lang='lat' dir='ltr'><strong>Thermohygromstria</strong></span> <span class='ocrx_word' id='word_1_185' title='bbox 1018 3453 1057 3518; x_wconf 82' lang='lat' dir='ltr'><strong>in</strong></span> <span class='ocrx_word' id='word_1_186' title='bbox 1072 3475 1228 3540; x_wconf 72' lang='lat' dir='ltr'><strong>genere,</strong></span> <span class='ocrx_word' id='word_1_187' title='bbox 1251 3471 1443 3537; x_wconf 83' lang='lat' dir='ltr'><strong>eorumque</strong></span> <span class='ocrx_word' id='word_1_188' title='bbox 1468 3447 1668 3536; x_wconf 80' lang='lat' dir='ltr'><strong>requisitis.</strong></span> <span class='ocrx_word' id='word_1_189' title='bbox 1703 3533 1710 3542; x_wconf 19' lang='grc' dir='ltr'>ἢ</span> 
     </span>
    </p>
   </div>
   <div class='ocr_carea' id='block_1_8' title="bbox 234 3637 1931 4980">
    <p class='ocr_par' dir='ltr' id='par_1_9' title="bbox 237 3637 1931 4388">
     <span class='ocr_line' id='line_1_23' title="bbox 282 3637 1929 3742; baseline -0.001 -28"><span class='ocrx_word' id='word_1_190' title='bbox 282 3655 335 3720; x_wconf 80' lang='lat' dir='ltr'><strong>Ex</strong></span> <span class='ocrx_word' id='word_1_191' title='bbox 355 3637 643 3742; x_wconf 74' lang='lat' dir='ltr'><strong>praecedentibus</strong></span> <span class='ocrx_word' id='word_1_192' title='bbox 669 3643 849 3731; x_wconf 86' lang='lat' dir='ltr'><strong>sequitur,</strong></span> <span class='ocrx_word' id='word_1_193' title='bbox 870 3643 954 3711; x_wconf 89' lang='lat' dir='ltr'><strong>haec</strong></span> <span class='ocrx_word' id='word_1_194' title='bbox 971 3644 1198 3710; x_wconf 89' lang='lat' dir='ltr'><strong>instrumenta</strong></span> <span class='ocrx_word' id='word_1_195' title='bbox 1217 3641 1256 3710; x_wconf 89' lang='lat' dir='ltr'><strong>id</strong></span> <span class='ocrx_word' id='word_1_196' title='bbox 1276 3655 1456 3734; x_wconf 83' lang='lat' dir='ltr'><strong>spectare,</strong></span> <span class='ocrx_word' id='word_1_197' title='bbox 1479 3653 1519 3705; x_wconf 93' lang='lat' dir='ltr'><strong>ut</strong></span> <span class='ocrx_word' id='word_1_198' title='bbox 1543 3639 1583 3706; x_wconf 89' lang='lat' dir='ltr'><strong>iu</strong></span> <span class='ocrx_word' id='word_1_199' title='bbox 1608 3661 1754 3732; x_wconf 86' lang='lat' dir='ltr'><strong>corpore</strong></span> <span class='ocrx_word' id='word_1_200' title='bbox 1778 3645 1929 3736; x_wconf 85' lang='lat' dir='ltr'><strong>quodam</strong></span> 
     </span>
     <span class='ocr_line' id='line_1_24' title="bbox 239 3750 1930 3846; baseline -0.002 -15"><span class='ocrx_word' id='word_1_201' title='bbox 239 3764 332 3832; x_wconf 86' lang='lat' dir='ltr'><strong>calor</strong></span> <span class='ocrx_word' id='word_1_202' title='bbox 350 3757 595 3834; x_wconf 85' lang='lat' dir='ltr'><strong>imminuatur,</strong></span> <span class='ocrx_word' id='word_1_203' title='bbox 618 3750 730 3819; x_wconf 89' lang='lat' dir='ltr'><strong>donec</strong></span> <span class='ocrx_word' id='word_1_204' title='bbox 756 3753 794 3818; x_wconf 93' lang='lat' dir='ltr'><strong>in</strong></span> <span class='ocrx_word' id='word_1_205' title='bbox 818 3775 859 3821; x_wconf 90' lang='lat' dir='ltr'><strong>eo</strong></span> <span class='ocrx_word' id='word_1_206' title='bbox 883 3753 1079 3843; x_wconf 86' lang='lat' dir='ltr'><strong>deponatur</strong></span> <span class='ocrx_word' id='word_1_207' title='bbox 1108 3775 1237 3842; x_wconf 86' lang='lat' dir='ltr'><strong>vapor,</strong></span> <span class='ocrx_word' id='word_1_208' title='bbox 1261 3778 1332 3844; x_wconf 87' lang='lat' dir='ltr'><strong>quo</strong></span> <span class='ocrx_word' id='word_1_209' title='bbox 1354 3754 1432 3840; x_wconf 87' lang='lat' dir='ltr'><strong>ipso</strong></span> <span class='ocrx_word' id='word_1_210' title='bbox 1452 3769 1627 3824; x_wconf 87' lang='lat' dir='ltr'><strong>momento</strong></span> <span class='ocrx_word' id='word_1_211' title='bbox 1653 3760 1808 3846; x_wconf 85' lang='lat' dir='ltr'><strong>corporis</strong></span> <span class='ocrx_word' id='word_1_212' title='bbox 1826 3759 1930 3828; x_wconf 81' lang='lat' dir='ltr'><strong>adhi-</strong></span> 
     </span>
     <span class='ocr_line' id='line_1_25' title="bbox 238 3860 1931 3960; baseline 0.001 -20"><span class='ocrx_word' id='word_1_213' title='bbox 238 3875 305 3940; x_wconf 87' lang='lat' dir='ltr'><strong>biti</strong></span> <span class='ocrx_word' id='word_1_214' title='bbox 332 3878 563 3954; x_wconf 88' lang='lat' dir='ltr'><strong>temperatura</strong></span> <span class='ocrx_word' id='word_1_215' title='bbox 590 3860 801 3950; x_wconf 85' lang='lat' dir='ltr'><strong>exploratur.</strong></span> <span class='ocrx_word' id='word_1_216' title='bbox 846 3865 992 3960; x_wconf 86' lang='lat' dir='ltr'><strong>Triplex</strong></span> <span class='ocrx_word' id='word_1_217' title='bbox 1012 3887 1093 3953; x_wconf 86' lang='lat' dir='ltr'><strong>ergo</strong></span> <span class='ocrx_word' id='word_1_218' title='bbox 1112 3865 1335 3935; x_wconf 88' lang='lat' dir='ltr'><strong>instrumenti</strong></span> <span class='ocrx_word' id='word_1_219' title='bbox 1362 3863 1443 3932; x_wconf 81' lang='lat' dir='ltr'><strong>finis</strong></span> <span class='ocrx_word' id='word_1_220' title='bbox 1468 3881 1531 3934; x_wconf 86' lang='lat' dir='ltr'><strong>est.</strong></span> <span class='ocrx_word' id='word_1_221' title='bbox 1574 3865 1690 3934; x_wconf 89' lang='lat' dir='ltr'><strong>Primo</strong></span> <span class='ocrx_word' id='word_1_222' title='bbox 1711 3861 1931 3957; x_wconf 80' lang='lat' dir='ltr'><strong>refrigeriutir</strong></span> 
     </span>
     <span class='ocr_line' id='line_1_26' title="bbox 239 3975 1931 4076; baseline 0 -24"><span class='ocrx_word' id='word_1_223' title='bbox 239 3979 416 4076; x_wconf 83' lang='lat' dir='ltr'><strong>producit.</strong></span> <span class='ocrx_word' id='word_1_224' title='bbox 469 3975 560 4043; x_wconf 91' lang='lat' dir='ltr'><strong>Dein</strong></span> <span class='ocrx_word' id='word_1_225' title='bbox 589 3975 854 4068; x_wconf 88' lang='lat' dir='ltr'><strong>praecipitatum</strong></span> <span class='ocrx_word' id='word_1_226' title='bbox 889 3978 1040 4057; x_wconf 89' lang='lat' dir='ltr'><strong>indicat,</strong></span> <span class='ocrx_word' id='word_1_227' title='bbox 1074 3979 1169 4069; x_wconf 90' lang='lat' dir='ltr'><strong>quod</strong></span> <span class='ocrx_word' id='word_1_228' title='bbox 1206 3981 1360 4070; x_wconf 87' lang='lat' dir='ltr'><strong>primum</strong></span> <span class='ocrx_word' id='word_1_229' title='bbox 1395 3976 1519 4042; x_wconf 84' lang='lat' dir='ltr'><strong>oritur.</strong></span> <span class='ocrx_word' id='word_1_230' title='bbox 1573 3975 1731 4042; x_wconf 83' lang='lat' dir='ltr'><strong>Tandem</strong></span> <span class='ocrx_word' id='word_1_231' title='bbox 1764 3982 1931 4068; x_wconf 82' lang='lat' dir='ltr'><strong>refrigerii</strong></span> 
     </span>
     <span class='ocr_line' id='line_1_27' title="bbox 243 4085 1924 4189; baseline 0.001 -27"><span class='ocrx_word' id='word_1_232' title='bbox 243 4093 471 4189; x_wconf 89' lang='lat' dir='ltr'><strong>quantitatem</strong></span> <span class='ocrx_word' id='word_1_233' title='bbox 494 4085 713 4154; x_wconf 87' lang='lat' dir='ltr'><strong>determinat.</strong></span> <span class='ocrx_word' id='word_1_234' title='bbox 759 4085 816 4154; x_wconf 88' lang='lat' dir='ltr'><strong>Sic</strong></span> <span class='ocrx_word' id='word_1_235' title='bbox 840 4088 941 4156; x_wconf 89' lang='lat' dir='ltr'><strong>etiam</strong></span> <span class='ocrx_word' id='word_1_236' title='bbox 950 4087 1135 4182; x_wconf 84' lang='lat' dir='ltr'><strong>triplex</strong></span> <span class='ocrx_word' id='word_1_237' title='bbox 1124 4090 1344 4158; x_wconf 88' lang='lat' dir='ltr'><strong>tnstrumeuti</strong></span> <span class='ocrx_word' id='word_1_238' title='bbox 1366 4109 1446 4178; x_wconf 90' lang='lat' dir='ltr'><strong>pars</strong></span> <span class='ocrx_word' id='word_1_239' title='bbox 1470 4111 1542 4156; x_wconf 88' lang='lat' dir='ltr'><strong>esse</strong></span> <span class='ocrx_word' id='word_1_240' title='bbox 1572 4087 1697 4156; x_wconf 87' lang='lat' dir='ltr'><strong>debet.</strong></span> <span class='ocrx_word' id='word_1_241' title='bbox 1721 4111 1821 4159; x_wconf 87' lang='lat' dir='ltr'><strong>causa</strong></span> <span class='ocrx_word' id='word_1_242' title='bbox 1848 4097 1924 4165; x_wconf 89' lang='lat' dir='ltr'><strong>scil.</strong></span> 
     </span>
     <span class='ocr_line' id='line_1_28' title="bbox 237 4186 1922 4294; baseline 0.001 -18"><span class='ocrx_word' id='word_1_243' title='bbox 237 4209 468 4294; x_wconf 79' lang='lat' dir='ltr'><strong>refrigerans,</strong></span> <span class='ocrx_word' id='word_1_244' title='bbox 506 4219 630 4287; x_wconf 88' lang='lat' dir='ltr'><strong>corpus</strong></span> <span class='ocrx_word' id='word_1_245' title='bbox 662 4198 756 4287; x_wconf 90' lang='lat' dir='ltr'><strong>quod</strong></span> <span class='ocrx_word' id='word_1_246' title='bbox 791 4201 1057 4292; x_wconf 88' lang='lat' dir='ltr'><strong>praecipitatum</strong></span> <span class='ocrx_word' id='word_1_247' title='bbox 1081 4204 1226 4294; x_wconf 83' lang='lat' dir='ltr'><strong>recipit,</strong></span> <span class='ocrx_word' id='word_1_248' title='bbox 1263 4218 1317 4289; x_wconf 85' lang='lat' dir='ltr'><strong>et,</strong></span> <span class='ocrx_word' id='word_1_249' title='bbox 1349 4197 1444 4291; x_wconf 86' lang='lat' dir='ltr'><strong>quod</strong></span> <span class='ocrx_word' id='word_1_250' title='bbox 1470 4186 1753 4293; x_wconf 79' lang='lat' dir='ltr'><strong>temperaturam</strong></span> <span class='ocrx_word' id='word_1_251' title='bbox 1771 4205 1922 4294; x_wconf 85' lang='lat' dir='ltr'><strong>indicat,</strong></span> 
     </span>
     <span class='ocr_line' id='line_1_29' title="bbox 238 4309 936 4388; baseline -0.01 0"><span class='ocrx_word' id='word_1_252' title='bbox 238 4311 547 4388; x_wconf 86' lang='lat' dir='ltr'><strong>instrumentumi</strong></span> <span class='ocrx_word' id='word_1_253' title='bbox 570 4335 602 4378; x_wconf 88' lang='lat' dir='ltr'><strong>e</strong></span> <span class='ocrx_word' id='word_1_254' title='bbox 623 4309 936 4382; x_wconf 83' lang='lat' dir='ltr'><strong>Thermemetrum.</strong></span> 
     </span>
    </p>

    <p class='ocr_par' dir='ltr' id='par_1_10' title="bbox 285 4423 1923 4523">
     <span class='ocr_line' id='line_1_30' title="bbox 285 4423 1923 4523; baseline 0.004 -26"><span class='ocrx_word' id='word_1_255' title='bbox 285 4429 409 4522; x_wconf 86' lang='lat' dir='ltr'><strong>Quoad</strong></span> <span class='ocrx_word' id='word_1_256' title='bbox 429 4423 862 4516; x_wconf 80' lang='lat' dir='ltr'><strong>thermobygrometrorum</strong></span> <span class='ocrx_word' id='word_1_257' title='bbox 878 4427 1160 4523; x_wconf 41' lang='lat' dir='ltr'><strong>requisita5hinc</strong></span> <span class='ocrx_word' id='word_1_258' title='bbox 1175 4428 1382 4508; x_wconf 80' lang='lat' dir='ltr'><strong>derivanda,</strong></span> <span class='ocrx_word' id='word_1_259' title='bbox 1403 4427 1458 4496; x_wconf 86' lang='lat' dir='ltr'><strong>itis</strong></span> <span class='ocrx_word' id='word_1_260' title='bbox 1477 4451 1516 4497; x_wconf 91' lang='lat' dir='ltr'><strong>ea</strong></span> <span class='ocrx_word' id='word_1_261' title='bbox 1532 4425 1661 4516; x_wconf 83' lang='lat' dir='ltr'><strong>regulis</strong></span> <span class='ocrx_word' id='word_1_262' title='bbox 1681 4431 1923 4504; x_wconf 79' lang='lat' dir='ltr'><strong>continentura</strong></span> 
     </span>
    </p>

    <p class='ocr_par' dir='ltr' id='par_1_11' title="bbox 234 4535 1927 4744">
     <span class='ocr_line' id='line_1_31' title="bbox 290 4535 1927 4635; baseline 0.004 -25"><span class='ocrx_word' id='word_1_263' title='bbox 290 4539 581 4626; x_wconf 81' lang='lat' dir='ltr'><strong>1⁰.Resrigeratio</strong></span> <span class='ocrx_word' id='word_1_264' title='bbox 602 4537 749 4605; x_wconf 86' lang='lat' dir='ltr'><strong>sufficiat</strong></span> <span class='ocrx_word' id='word_1_265' title='bbox 775 4541 1003 4634; x_wconf 88' lang='lat' dir='ltr'><strong>praecipitato</strong></span> <span class='ocrx_word' id='word_1_266' title='bbox 1029 4541 1279 4634; x_wconf 77' lang='lat' dir='ltr'><strong>producendo,</strong></span> <span class='ocrx_word' id='word_1_267' title='bbox 1300 4543 1413 4635; x_wconf 82' lang='lat' dir='ltr'><strong>sitque</strong></span> <span class='ocrx_word' id='word_1_268' title='bbox 1441 4543 1523 4610; x_wconf 80' lang='lat' dir='ltr'><strong>tetis</strong></span> <span class='ocrx_word' id='word_1_269' title='bbox 1539 4535 1654 4628; x_wconf 81' lang='lat' dir='ltr'><strong>lenta,</strong></span> <span class='ocrx_word' id='word_1_270' title='bbox 1678 4557 1782 4611; x_wconf 90' lang='lat' dir='ltr'><strong>utne</strong></span> <span class='ocrx_word' id='word_1_271' title='bbox 1811 4547 1927 4616; x_wconf 82' lang='lat' dir='ltr'><strong>subito</strong></span> 
     </span>
     <span class='ocr_line' id='line_1_32' title="bbox 234 4651 1874 4744; baseline -0.004 -20"><span class='ocrx_word' id='word_1_272' title='bbox 234 4660 303 4724; x_wconf 86' lang='lat' dir='ltr'><strong>hoc</strong></span> <span class='ocrx_word' id='word_1_273' title='bbox 324 4655 452 4720; x_wconf 88' lang='lat' dir='ltr'><strong>oriatur</strong></span> <span class='ocrx_word' id='word_1_274' title='bbox 472 4667 507 4720; x_wconf 90' lang='lat' dir='ltr'><strong>et</strong></span> <span class='ocrx_word' id='word_1_275' title='bbox 526 4651 708 4720; x_wconf 84' lang='lat' dir='ltr'><strong>increscat.</strong></span> <span class='ocrx_word' id='word_1_276' title='bbox 1619 4737 1623 4744; x_wconf 19' lang='grc' dir='ltr'>ι</span> <span class='ocrx_word' id='word_1_277' title='bbox 1868 4673 1874 4682; x_wconf 88' lang='lat'><em>·</em></span> 
     </span>
    </p>

    <p class='ocr_par' dir='ltr' id='par_1_12' title="bbox 284 4753 1594 4858">
     <span class='ocr_line' id='line_1_33' title="bbox 284 4753 1594 4858; baseline -0.001 -22"><span class='ocrx_word' id='word_1_278' title='bbox 284 4781 334 4836; x_wconf 82' lang='lat'><strong>2⁰·</strong></span> <span class='ocrx_word' id='word_1_279' title='bbox 353 4763 639 4856; x_wconf 87' lang='lat' dir='ltr'><strong>Praecipitatum,</strong></span> <span class='ocrx_word' id='word_1_280' title='bbox 663 4753 767 4856; x_wconf 82' lang='lat' dir='ltr'><strong>quatu</strong></span> <span class='ocrx_word' id='word_1_281' title='bbox 787 4767 939 4856; x_wconf 83' lang='lat' dir='ltr'><strong>primurn</strong></span> <span class='ocrx_word' id='word_1_282' title='bbox 961 4787 1116 4840; x_wconf 84' lang='lat' dir='ltr'><strong>exortum</strong></span> <span class='ocrx_word' id='word_1_283' title='bbox 1137 4771 1261 4853; x_wconf 81' lang='lat' dir='ltr'><strong>tueris,</strong></span> <span class='ocrx_word' id='word_1_284' title='bbox 1282 4767 1455 4839; x_wconf 81' lang='lat' dir='ltr'><strong>observari</strong></span> <span class='ocrx_word' id='word_1_285' title='bbox 1476 4759 1594 4858; x_wconf 74' lang='lat' dir='ltr'><strong>possit.</strong></span> 
     </span>
    </p>

    <p class='ocr_par' dir='ltr' id='par_1_13' title="bbox 285 4863 1930 4980">
     <span class='ocr_line' id='line_1_34' title="bbox 285 4863 1930 4980; baseline 0.006 -36"><span class='ocrx_word' id='word_1_286' title='bbox 285 4879 333 4950; x_wconf 79' lang='lat'><strong>5⁰.</strong></span> <span class='ocrx_word' id='word_1_287' title='bbox 356 4875 658 4949; x_wconf 84' lang='lat' dir='ltr'><strong>Thermometrum</strong></span> <span class='ocrx_word' id='word_1_288' title='bbox 685 4877 818 4950; x_wconf 86' lang='lat' dir='ltr'><strong>indicet</strong></span> <span class='ocrx_word' id='word_1_289' title='bbox 849 4897 1133 4976; x_wconf 87' lang='lat' dir='ltr'><strong>temperaturam,</strong></span> <span class='ocrx_word' id='word_1_290' title='bbox 1156 4863 1259 4978; x_wconf 80' lang='lat' dir='ltr'><strong>quam</strong></span> <span class='ocrx_word' id='word_1_291' title='bbox 1283 4903 1406 4980; x_wconf 85' lang='lat' dir='ltr'><strong>corpus</strong></span> <span class='ocrx_word' id='word_1_292' title='bbox 1433 4881 1673 4971; x_wconf 76' lang='lat' dir='ltr'><strong>refrigeratum</strong></span> <span class='ocrx_word' id='word_1_293' title='bbox 1697 4885 1930 4976; x_wconf 88' lang='lat' dir='ltr'><strong>ipso&#39;puncto</strong></span> 
     </span>
    </p>
   </div>
   <div class='ocr_carea' id='block_1_9' title="bbox 230 4987 1924 5172">
    <p class='ocr_par' dir='ltr' id='par_1_14' title="bbox 230 4987 1924 5172">
     <span class='ocr_line' id='line_1_35' title="bbox 230 4987 499 5066; baseline -0.03 -1"><span class='ocrx_word' id='word_1_294' title='bbox 230 4993 362 5066; x_wconf 82' lang='lat' dir='ltr'><strong>roranti</strong></span> <span class='ocrx_word' id='word_1_295' title='bbox 381 4987 499 5058; x_wconf 82' lang='lat' dir='ltr'><strong>habet.</strong></span> 
     </span>
     <span class='ocr_line' id='line_1_36' title="bbox 1117 5085 1924 5172; baseline 0.006 -18"><span class='ocrx_word' id='word_1_296' title='bbox 1117 5085 1135 5154; x_wconf 93' lang='lat'>1</span> <span class='ocrx_word' id='word_1_297' title='bbox 1812 5088 1846 5172; x_wconf 83' lang='lat'><strong>§-</strong></span> <span class='ocrx_word' id='word_1_298' title='bbox 1869 5091 1924 5160; x_wconf 82' lang='lat'><strong>65.</strong></span> 
     </span>
    </p>
   </div>
   <div class='ocr_carea' id='block_1_10' title="bbox 0 0 2622 6260">
    <p class='ocr_par' dir='ltr' id='par_1_15' title="bbox 0 0 2622 6260">
     <span class='ocr_line' id='line_1_37' title="bbox 0 0 2622 6260; baseline 0 0"><span class='ocrx_word' id='word_1_299' title='bbox 0 0 2622 6260; x_wconf 95' lang='lat' dir='ltr'><strong> </strong></span> 
     </span>
    </p>
   </div>
  </div>
 </body>
</html>
