5202 6268
672 633 714 700 ,a
763 647 771 658 -
904 598 1233 680 anaxarus-1
1275 601 1840 678 cauom-susurrem
1882 596 2153 677 statuar

682 792 937 885 pessumdaret,
957 789 1103 858 similem
1124 787 1308 869 adhibuit,
1328 812 1369 858 ac
1388 791 1422 858 le
1438 789 1542 881 aoy,
1558 803 1774 881 apparatum.
1815 783 1873 856 illi
1891 799 2006 858 etism
2024 785 2168 882 physico
2186 780 2257 857 lans
2281 810 2380 862 oom-

686 909 797 997 petit,
821 903 914 996 quod
936 903 1067 993 primus
1082 901 1172 970 riam
1190 901 1375 986 iudicarit,
1394 903 1464 994 qna
1482 925 1525 970 cr
1543 901 1760 971 saturationis
1776 898 1887 989 gradu
1902 898 2042 994 vaporis
2061 900 2213 969 densitas
2235 905 2383 974 inveniri

688 1035 824 1108 posset,
847 1041 885 1084 ea
914 1015 984 1082 lere
1007 1015 1161 1099 ratione,
1185 1037 1290 1106 φιιιιι
1314 1014 1537 1110 praecedenti
1559 1017 1671 1107 capite
1694 1012 1910 1106 exposuimus
1933 1013 2010 1102 (*).

726 1133 886 1199 Tandem
912 1151 992 1198 vero
1019 1127 1085 1196 cel.
1110 1130 1298 1198 BerceIiue
1324 1127 1383 1196 hic
1405 1130 1443 1195 in
1465 1151 1606 1197 censum
1627 1125 1745 1212 venit,
1765 1125 1828 1217 qni
1849 1124 2150 1203 thermometrnm,
2172 1125 2281 1198 bulbo
2306 1155 2382 1200 me-

682 1244 803 1330 tallico
827 1245 915 1311 bene
943 1241 1052 1333 polito
1076 1245 1266 1321 munitum.
1302 1242 1341 1310 iu
1369 1257 1530 1312 contactu
1558 1241 1712 1336 ponebat
1728 1261 1814 1311 cum
1834 1259 1933 1324 vass,
1955 1239 2154 1312 mixtionem
2176 1239 2298 1308 salium
2323 1267 2383 1311 re-

635 1416 637 1423 .
682 1357 903 1442 frigernntem
938 1357 1150 1423 continente.
1194 1355 1252 1424 Sic
1283 1377 1383 1442 ergo,
1415 1370 1647 1448 temperatura
1670 1353 1750 1424 satis
1779 1347 1964 1452 deprcsso,
1984 1349 2110 1420 bulbus
2137 1355 2270 1444 vaporis
2294 1379 2382 1426 eou-

679 1467 916 1534 densutionem
937 1467 1176 1537 manifestabat
1198 1467 1282 1557 (†).

1474 1667 1510 1750 i·
1553 1685 1607 1752 7²·

1128 1860 1189 1926 De
1216 1859 1691 1948 Thermodygrometrorum
1710 1853 1936 1926 &meritura

722 2053 895 2120 Ulteriora
910 2051 1079 2140 ‘Physices
1097 2073 1299 2145 progressu,
1322 2077 1365 2122 ex
1382 2051 1575 2120 memoratis
1594 2053 1839 2141 experimentis
1857 2049 2044 2142 peculiaria
2063 2053 2292 2124 instrumenta
2311 2061 2382 2124 llu-

679 2191 782 2243 xeue,
806 2169 837 2230 T
842 2162 1181 2251 hermohygrometra
1206 2165 1280 2232 soil.
1326 2167 1418 2231 Haec
1439 2177 1551 2228 eutem
1570 2162 1684 2229 omnia
1700 2163 1841 2254 peperit
1861 2185 1950 2232 nova
1972 2165 2106 2250 frigoris
2130 2167 2303 2235 efficiendi
2324 2195 2383 2237 ra-

676 2281 742 2354 tio,
768 2301 854 2366 quae
880 2274 955 2341 soil.
981 2273 1047 2340 hoc
1070 2275 1107 2340 in
1131 2277 1372 2364 evaporatione
1390 2274 1536 2363 liquoris
1562 2272 1705 2342 volatilis
1733 2293 1927 2368 quaereret.
1972 2279 2086 2345 Antea
2117 2281 2210 2346 euim
2241 2283 2384 2348 difficil-

678 2388 797 2454 limum
823 2403 918 2468 erat,
942 2387 1065 2474 sensim
1087 2387 1321 2477 paulatimque
1344 2409 1417 2454 eam
1443 2385 1602 2452 obtinere
1627 2401 1913 2478 temperaturam,
1948 2411 2036 2476 quse
2069 2390 2112 2455 ad
2137 2394 2271 2480 vaporis
2296 2418 2385 2462 con·

679 2499 914 2568 densationem
936 2521 1022 2585 opus
1048 2515 1133 2566 eret.
1187 2501 1375 2590 Postquam
1402 2521 1483 2570 vcro
1514 2497 1579 2564 uel.
1610 2497 1764 2567 Daniel!
1794 2496 1965 2586 liquorem
1991 2499 2163 2568 volatilem
2196 2505 2383 2571 substitue-

682 2627 736 2678 rat
761 2630 867 2698 aquae
890 2605 1034 2693 frigidae
1059 2611 1111 2677 uel
1137 2607 1257 2678 salium
1284 2611 1461 2694 mixtioni,
1494 2610 1659 2678 continuo
1682 2623 1802 2678 nostra
1831 2607 2060 2674 instrumenta
2096 2613 2282 2698 exstitere,
2317 2639 2385 2703 pro

686 2721 786 2791 variis
808 2718 1031 2810 physicorum
1053 2722 1273 2809 opinionibus
1296 2722 1524 2794 diversimode
1545 2719 1755 2790 modificata.

727 2834 773 2898 Ut
794 2833 862 2916 jam
879 2830 1031 2918 generali
1052 2834 1157 2901 modo
1176 2834 1267 2903 hanc
1291 2837 1524 2906 diversitatem
1545 2853 1776 2924 exponamus.
1797 2829 2050 2900 attendendum
2069 2839 2125 2898 est'
2143 2830 2188 2897 ad
2215 2835 2386 2924 triplicem

680 2962 838 3034 partem,
871 2969 957 3034 quae
989 2948 1181 3014 necessario
1206 2947 1560 3039 thermohygrometro
1585 2949 1697 3032 inest3
1724 2941 1802 3012 scil.
1822 2942 1867 3012 ad
1888 2948 2187 3038 evaporationem,
2213 2959 2387 3038 tamquam

684 3079 817 3125 causam
836 3054 1119 3140 refrigerantem,
1143 3058 1187 3124 ad
1211 3082 1357 3148 corpus,
1389 3063 1485 3150 quod
1508 3081 1671 3148 vaporem
1689 3056 1958 3145 praecipitatum
1987 3057 2131 3144 recipit,
2155 3057 2199 3124 ad
2225 3059 2383 3129 thermo-

682 3187 852 3252 metrum‚
876 3165 970 3258 quod
994 3185 1161 3257 puuctum
1183 3193 1303 3237 rorans
1326 3171 1476 3239 exhibet.

729 3307 759 3350 1.
785 3279 909 3371 Quoad
931 3281 1039 3371 ipsam
1058 3285 1353 3374 evaporationem,
1371 3281 1519 3376 duplicis
1542 3281 1676 3370 generis
1693 3295 1775 3348 scut
1791 3278 2174 3369 Thermolsygromctra.
2219 3283 2270 3348 Ea
2291 3286 2385 3352 enim

682 3396 737 3490 vel
767 3413 818 3459 est
844 3391 995 3478 duplex,
1019 3393 1071 3461 vel
1092 3395 1249 3488 simplex.
1295 3395 1436 3465 Scilicet
1459 3395 1613 3466 Danieli
1631 3394 1795 3487 quidem,
1818 3391 2005 3484 cryoplsori
2023 3391 2180 3481 exemplo
2202 3415 2303 3476 usus,
2326 3395 2383 3462 al-

688 3521 794 3566 teram
817 3506 987 3567 internam
1006 3507 1155 3572 instituit
1179 3511 1205 3573 i.
1225 3528 1256 3572 e.
1280 3507 1318 3573 in
1340 3511 1504 3576 interiore
1525 3509 1633 3596 ipsius
1657 3504 1879 3574 instrumenti
1899 3505 2186 3594 partspositam,
2209 3527 2297 3596 quae
2318 3507 2390 3572 dc·

685 3633 756 3677 nuo
785 3609 1041 3696 producebatur
1067 3637 1131 3695 per
1153 3614 1323 3696 alteram,
1344 3632 1542 3696 externam,
1565 3618 1602 3680 iu
1628 3623 1708 3682 aire
1730 3631 1873 3704 aperto,
1896 3639 2001 3706 quam
2031 3633 2151 3683 auctor
2181 3640 2248 3706 pro
2273 3620 2392 3688 lubitu

687 3719 862 3807 dirigeret.
906 3713 1046 3803 Reliqui
1066 3741 1146 3784 reso
1174 3721 1331 3810 physici,
1355 3725 1552 3809 amhagibus
1576 3725 1729 3808 evitatis,
1751 3747 1824 3792 non
1849 3724 1916 3790 nisi
1936 3739 2114 3791 externam
2139 3724 2232 3791 hanc
2251 3751 2391 3818 evapo-

684 3833 856 3900 rationem
877 3829 1066 3896 retinuere.

732 3968 761 4012 s.
794 3941 919 4031 Quoad
948 3939 1115 4009 diversam
1144 3931 1380 4012 thermometri
1410 3963 1446 4012 et
1479 3949 1633 4036 corporis
1656 3967 1817 4038 vaporem
1843 3944 2044 4034 recipientis
2078 3948 2389 4033 combinitionem,

688 4057 817 4150 duplex
834 4057 959 4122 iterum
981 4050 1084 4120 datur
1108 4041 1542 4146 thermohygrometrorum
1564 4056 1757 4132 diversitas.
1800 4054 1871 4126 alii
1892 4054 1984 4122 euim
2009 4056 2146 4146 physici
2173 4057 2391 4132 thermoma.

689 4189 782 4237 trum
802 4171 917 4251 ejusve
944 4165 1089 4230 bulbum
1117 4168 1288 4234 immisere
1316 4171 1478 4263 corpori,
1501 4170 1596 4260 quod
1614 4172 1735 4261 vapori
1759 4167 2005 4238 condensando
2027 4185 2063 4234 et
2087 4170 2293 4260 recipiendo
2311 4199 2391 4246 erat

687 4284 914 4362 destinatum,
935 4277 984 4342 its
1004 4291 1043 4342 ut
1070 4275 1157 4344 duae
1181 4297 1296 4369 partes
1321 4283 1552 4350 instrumento
1574 4282 1742 4352 discrstec
1767 4298 1902 4366 ment,
1923 4284 2016 4349 intra
2041 4303 2124 4370 quas
2144 4283 2384 4371 refrigeratio-

687 4397 740 4461 nis
763 4393 859 4463 sedos
878 4389 1122 4459 collocabatur.
1168 4390 1244 4459 Huc
1263 4395 1464 4482 pertinent,
1487 4413 1624 4489 praeter
1645 4397 1817 4480 Danieli,
1843 4393 2083 4472 Dd'bcreiner,
2106 4395 2393 4487 Balnenberger

686 4521 722 4572 et
751 4505 951 4592 Gumming.
1009 4501 1081 4572 Alii
1105 4525 1187 4574 vero
1213 4529 1338 4596 corpus
1372 4506 1462 4576 illud
1488 4511 1527 4578 in
1554 4511 1632 4600 ipso
1652 4509 1897 4581 thmmomctrc
1923 4508 2139 4600 quaesivere,
2179 4513 2274 4596 cnjus
2310 4515 2394 4582 scil.

2302 4625 2392 4692 bul-

725 4805 754 4878 (·
766 4797 878 4874 )Μοιιι.
897 4791 930 4850 ol
941 4793 992 4852 the
1010 4794 1082 4855 rhil
1101 4799 1162 4856 Soc.
1182 4799 1215 4858 ol
1228 4800 1407 4862 llsnclrester
1424 4805 1462 4864 V.
1454 4825 1510 4884 ..p
1503 4811 1570 4866 6.6.

623 4991 634 5001 ἱ
717 4900 774 4975 (τ)
793 4887 932 4954 Alhandl.
953 4890 1085 4966 iFysik,
1105 4892 1188 4950 Kemi
1211 4909 1268 4960 cst.
1287 4899 1325 4960 11.
1343 4905 1387 4960 st.
1413 4901 1541 4962 Tillochs
1561 4901 1636 4962 Phil.
1658 4901 1732 4978 Mag.
1757 4909 1832 4980 ¹⁸⁰9·
1855 4903 1965 4982 saep.
1983 4906 2026 4977 69
2048 4898 2223 4962 ciditctltc
2239 4901 2258 4964 l.
2275 4923 2299 4964 c.

581 5748 816 6112 ,
