5216 6270
523 559 845 638 ussrousto
882 579 942 630 ss
978 537 1408 654 Quuasrtousu‘
1435 513 1753 634 rursrcuu.
1939 571 1982 646 st

282 763 339 816 rat
359 745 540 834 atmologia
567 743 825 836 hygrosccpiae.
868 745 972 814 Initio
1004 744 1113 824 enim,
1143 743 1318 835 quamde
1348 741 1551 812 humiditate
1583 745 1705 820 modo.
1730 768 1801 814 nou
1822 765 1905 822 reru
1932 746 1976 815 de

269 864 355 946 -ejus
378 880 476 926 causa
499 876 673 946 ageretur,
694 857 872 946 spectabat
894 883 933 928 ea
953 859 1136 946 methodus
1156 859 1291 930 nilnisi
1319 863 1624 931 instrumentorum
1648 862 1867 956 quorundam
1889 887 1974 934 con·

283 971 524 1047 structionem,
545 993 632 1060 quae
655 967 874 1050 indicarent,
894 979 999 1046 airus
1021 993 1109 1046 esset
1128 977 1269 1054 siccior,
1294 1002 1338 1046 an
1367 999 1450 1049 reru
1480 975 1666 1046 humidior.
1709 981 1838 1048 De'e'rat
1866 979 1975 1050 omnis

282 1085 443 1153 scientiae
470 1083 574 1153 color.
622 1085 741 1170 Quum
765 1108 847 1155 vero
868 1089 1004 1177 vaporis
1032 1107 1154 1157 natura
1175 1089 1281 1180 paulo
1308 1089 1445 1180 plenius
1472 1089 1670 1176 investigari
1701 1089 1886 1178 coepisset,
1910 1089 1989 1160 ue‘c'

281 1221 352 1265 non
381 1199 595 1289 quaestiones
622 1199 739 1286 agitari
759 1199 802 1268 de
826 1203 1133 1294 ejus-quantitate.
1157 1199 1410 1292 complicarunt
1431 1202 1658 1294 hygroseopia
1680 1200 1739 1270 illa
1769 1225 1847 1271 eum
1872 1203 1975 1272 ther·

281 1313 474 1390 mometris,
493 1329 534 1380 ut
565 1337 606 1386 ert
637 1317 820 1401 conjuncta
849 1314 1028 1408 utriusque
1057 1315 1267 1384 indicatione
1293 1314 1473 1405 problema
1504 1315 1703 1384 solveretur.
1758 1315 1974 1384 Commissa·

280 1427 408 1493 huntur
429 1451 509 1514 ergo
531 1425 622 1516 legas
643 1427 819 1514 organicae
843 1429 1006 1522 physicis.
1047 1435 1128 1522 Quo
1149 1458 1232 1504 vere
1251 1439 1441 1504 accuratius
1463 1435 1778 1506 determinarentur
1798 1437 1887 1524 leges
1909 1461 1974 1508 vt·
2079 1481 2088 1488 -

278 1563 400 1630 parem
424 1545 516 1610 inter
541 1563 577 1612 et
606 1542 768 1622 calorem,
794 1569 836 1614 eo
858 1569 996 1639 quoque
1023 1551 1127 1636 magis
1154 1555 1283 1638 rejecta
1305 1549 1529 1640 hygroscopia
1554 1548 1661 1618 fuere·
1709 1553 1804 1620 Nora
1831 1549 1971 1628 metho-

280 1655 344 1720 dus
372 1657 522 1740 exstitit,
553 1681 641 1751 quae
663 1662 765 1726 unice
785 1657 873 1746 leges
896 1660 1054 1752 physicas
1082 1665 1288 1733 consuleret.
1335 1661 1428 1730 Talis
1456 1677 1595 1744 esest,
1627 1681 1731 1752 quam
1753 1663 1823 1746 jam
1848 1683 1973 1749 eggre-

280 1770 417 1857 dimur3
440 1771 478 1839 in
503 1797 571 1865 qua
599 1773 674 1844 scil.
697 1775 977 1844 thermometrum
1004 1777 1110 1846 solam
1135 1777 1218 1844 facit
1240 1797 1454 1857 mensuram,
1478 1772 1562 1838 dum
1589 1769 1725 1862 reliqua
1745 1773 1889 1860 largitur
1906 1796 1970 1841 va·

277 1907 401 1970 porum
425 1885 568 1954 theuris.
614 1891 900 1978 Temperatoram
923 1891 1086 1960 nimirum
1102 1889 1259 1983 explorat
1274 1887 1411 1978 vaporis
1429 1884 1697 1976 hygrometrici,
1719 1884 1764 1952 ad
1786 1891 1971 1954 maximum

279 1993 457 2066 densitatis
479 2018 515 2067 et
541 1997 754 2078 eleaticitatis
772 2001 956 2094 perducti,
980 2020 1159 2096 tentatque
1188 2000 1315 2073 exinde
1332 2001 1407 2088 eius
1431 2000 1660 2090 quantitatem
1681 1997 1849 2068 derivare.
1893 1999 1973 2065 Do·

275 2105 358 2200 plici
377 2107 466 2174 illud
488 2114 619 2179 ratione
639 2111 799 2204 perficitr

320 2241 352 2287 r.
374 2221 440 2290 Vel
462 2222 555 2290 enisu
587 2247 748 2316 vaporem
771 2221 971 2315 simpliciter
1000 2224 1181 2310 refrigerat
1201 2216 1245 2287 nd
1270 2240 1350 2288 scm
1383 2243 1491 2310 usque
1507 2222 1683 2303 ,limitem
1727 2223 1922 2310 Videlicet,
1945 2229 1974 2293 si

225 2387 226 2392 ,
278 2328 463 2400 caloricum
491 2334 543 2402 illi
560 2339 687 2404 sensim
702 2337 936 2432 paulatimque
958 2336 1174 2420 detrahitur,
1197 2349 1297 2402 aucta
1320 2331 1509 2408 densitate,
1530 2355 1572 2398 eo
1597 2337 1858 2422 perveniet„ut
1880 2338 1967 2404 nul·

272 2445 340 2514 lam
366 2447 511 2538 amplius
539 2449 834 2536 refrigerationem
857 2451 1028 2542 patiatur,
1065 2449 1152 2541 quin
1183 2447 1297 2536 potius
1318 2445 1357 2511 iu
1389 2461 1498 2545 guttas
1526 2442 1679 2528 defluat3
1704 2470 1815 2538 eoque
1843 2450 1967 2535 citius,

270 2557 343 2650 'quo
370 2559 514 2648 propius
533 2563 604 2645 jam
627 2559 671 2642 ad
694 2583 771 2632 eum
791 2563 974 2651 terminum
992 2587 1028 2632 se
1054 2545 1199 2640 habeut,
1219 2575 1280 2639 et,
1301 2559 1376 2628 rice
1399 2577 1516 2642 tersa,
1540 2577 1580 2625 eo
1601 2554 1747 2640 lentius,
1772 2581 1842 2650 quo
1866 2565 1971 2652 magis

269 2669 311 2734 ab
332 2669 394 2735 illo
414 2667 530 2738 distet.
1203 2745 1207 2754 ,
1360 2668 1364 2676 ’

205 2855 215 2868 ,
316 2801 347 2848 2.
372 2781 436 2853 Vel
458 2784 698 2870 evaporatione
717 2785 879 2876 supplet,
894 2787 989 2880 quod
1018 2787 1070 2856 illi
1094 2787 1240 2856 maximo
1260 2782 1378 2868 deest·;
1412 2781 1462 2852 sie
1484 2780 1576 2850 euim
1595 2779 1809 2868 refrigeratio
1833 2791 1966 2866 oritur',

273 2917 361 2984 quae
389 2894 553 2963 increscit
576 2919 655 2964 eum
673 2903 921 2989 evaporationis
944 2903 1155 2996 quantitate..
1182 2901 1284 2994 ¹llaec
1303 2917 1415 2967 autem
1440 2897 1691 2968 determinatur
1711 2891 1883 2968 musitata
1902 2925 1964 2970 ra·

270 3007 381 3095 poris,
404 3009 464 3098 qui
485 3007 522 3076 in
541 3015 621 3078 a'e're
643 3013 713 3098 jam
734 3010 865 3094 adfuit,
884 3001 1031 3109 ideoque
1051 3035 1087 3086 et
1108 3013 1375 3105 refrigerationis
1406 3010 1601 3104 quantitas,
1634 3033 1723 3102 quae
1746 3011 1795 3082 sic
1823 3036 1967 3085 meusn-

269 3141 342 3186 ram
363 3120 523 3202 exhibet,
542 3121 587 3188 sd
607 3146 751 3218 scopum
772 3146 929 3198 nostrum
949 3148 1076 3224 aptam.
1197 3173 1201 3180 ·

310 3235 352 3300 ln
377 3249 522 3328 utraque
547 3259 627 3322 ergo
655 3239 870 3328 procedendi
894 3244 1027 3312 radone
1054 3244 1271 3330 refrigerium
1300 3261 1494 3308 mensnram
1517 3235 1682 3324 praehet·
1713 3259 1755 3303 οἱ
1783 3261 1853 3328 (1¹¹²
1874 3259 1963 3332 pro·

267 3345 380 3412 hlema
408 3365 564 3418 nostrum
595 3348 801 3419 solvendum
832 3367 896 3420 est.
950 3355 992 3422 ln
1020 3353 1079 3420 illa
1112 3354 1256 3442 quidem
1281 3373 1387 3442 sapor
1416 3346 1619 3434 simpliciter
1655 3345 1904 3435 refrigeratur,
1927 3353 1964 3419 in
2096 3385 2100 3394 ·

268 3457 332 3524 hnc
353 3481 433 3528 vero
457 3482 580 3528 novam
603 3478 778 3554 praeterea
806 3461 952 3552 suscipit
974 3465 1111 3551 vaporis
1135 3464 1373 3556 quantitatem.
1418 3457 1492 3526 lam
1516 3459 1715 3545 singulatim
1742 3459 1895 3528 dicemus
1918 3461 1962 3531 de

267 3587 414 3656 utroque
431 3589 650 3657 argumento,
673 3573 720 3640 ita
746 3575 937 3664 ut.positis
954 3575 1135 3666 principiis
1156 3575 1371 3664 theoreticis,
1393 3573 1518 3662 quihus
1536 3571 1751 3655 innituntur,
1777 3578 1963 3658 generatim

266 3679 459 3770 rideamus,
484 3685 657 3772 quomodo
679 3686 765 3754 haec
789 3686 826 3754 in
849 3711 948 3756 osum
970 3687 1052 3756 duci
1076 3687 1229 3781 possint,
1251 3684 1390 3778 etquid
1411 3684 1477 3754 hae
1501 3685 1537 3752 in
1560 3707 1660 3754 musa
1681 3685 1901 3776 requiratur,
1923 3708 1961 3760 ut

155 3885 159 3894 ⁵
260 3792 454 3864 absolutum
475 3795 598 3864 existat
620 3821 719 3890 opus.
1446 3792 1450 3804 ’

1041 3995 1175 4081 su·
1403 3915 1504 3948 Ἰ

622 4187 683 4258 De
695 4187 859 4277 frigoris
879 4187 1023 4257 ustione
1044 4190 1082 4258 ait
1103 4208 1278 4277 vaporem
1297 4182 1615 4276 hygrentetrs'cum.

304 4377 342 4446 st
368 4400 494 4471 vapor,
516 4389 595 4452 sire
616 4383 966 4463 contentusaseusim
984 4380 1214 4475 paulatimque
1234 4377 1475 4468 refrigeratur,
1502 4380 1633 4468 patitur
1658 4379 1955 4472 contractionem,

263 4494 355 4569 unde
375 4497 538 4566 increscit
560 4497 725 4568 densitas.
768 4498 915 4590 Propius
931 4519 1013 4584 ergo
1028 4495 1239 4589 propiusque
1259 4492 1444 4560 adducitur
1464 4489 1508 4559 ad
1524 4493 1741 4560 ”tutationis
1757 4494 1953 4568 maximum.

261 4607 409 4674 Accedit
428 4627 559 4690 autom,
579 4609 697 4702 quod,
711 4635 783 4704 quo
802 4610 996 4704 depressior
1015 4610 1060 4678 sit
1082 4623 1391 4701 temperatura‚eo
1412 4627 1551 4698 quoque
1572 4603 1685 4673 miuus
1700 4605 1821 4676 evadat
1838 4607 1952 4702 ipsum

262 4718 443 4788 densitatis
465 4723 658 4792 maximum.
701 4725 760 4795 sia
779 4746 861 4814 ergo
880 4724 1069 4794 necesaria
1087 4721 1265 4813 perveniet
1282 4718 1327 4784 ad
1348 4740 1424 4785 eam
1440 4716 1663 4803 densitatem,
1687 4743 1776 4812 quae
1801 4745 1950 4813 respon·

258 4833 319 4901 det
344 4821 593 4928 temperaturae
623 4837 849 4927 imminutae,
870 4839 1042 4931 tamqnam
1069 4833 1210 4906 mamm
1244 4830 1433 4916 terminus,
1466 4849 1570 4922 qoam
1587 4853 1670 4903 uon
1700 4834 1953 4924 umsgreditor

254 4971 373 5044 ”W
1846 5060 1951 5146 Quod
