5202 6268
639 651 683 718 do
881 635 1227 712 ran-eminuas
1259 637 1480 710 cauom
1514 633 1825 706 GUlLIELllll
1859 635 2125 711 SUERMAN

458 987 485 998 ..
692 911 727 984 ai
1453 899 1486 982 S·
1530 917 1585 982 ro·

976 1093 1038 1164 De
1056 1093 1203 1161 Meritis
1224 1090 1269 1162 ol.
1291 1085 1443 1158 Leslie
1463 1087 1504 1153 in
1517 1087 1789 1178 prycbrcmctrr'
1810 1058 1999 1160 theoriam.

693 1290 884 1378 Praecipua
913 1285 1228 1379 ριςοίιιοιιιιιιίιι
1252 1282 1405 1372 quaestio
1430 1298 1502 1351 esta
1527 1283 1698 1371 quomodo
1724 1307 1767 1351 ex
1787 1287 2034 1378 evaporationis
2055 1287 2180 1375 frigore
2199 1293 2362 1362 observa·

670 1403 868 1472 osolratur
898 1399 1077 1492 problema
1104 1395 1404 1488 hygromctricum.
1448 1394 1586 1484 Duplici
1606 1395 1759 1480 cutione,
1782 1400 1833 1464 uti
1851 1401 1918 1482 jam
1935 1423 2038 1492 supra
2059 1405 2269 1486 monuimus,
2293 1409 2358 1476 boc

644 1529 828 1583 tentarunt
848 1509 1011 1601 Physioi·
1001 1508 1086 1578 ·vel
1115 1529 1181 1597 ope
1203 1505 1353 1576 theoriae
1380 1502 1517 1574 calorioi
1537 1507 1693 1589 latentis,
1718 1509 1771 1575 vel
1794 1513 2055 1605 evaporationis.
2103 1515 2157 1581 ab
2181 1515 2277 1584 illis
2268 1521 2364 1587 ruci

647 1627 794 1720 pisinus.

692 1741 827 1807 Primus
852 1735 1007 1804 omnium
1039 1728 1281 1798 memorandus
1309 1745 1361 1795 est
1392 1731 1535 1811 Leab'e,
1572 1735 1653 1820 qui,
1686 1749 1867 1822 postquam
1899 1736 1978 1802 satis
2009 1737 2068 1803 din
2093 1758 2288 1827 perrexerat
2321 1745 2368 1808 in

648 1852 893 1922 tentaminibus
919 1873 939 1914 a
961 1842 1061 1911 nobis
1089 1841 1253 1928 expositis
1284 1847 1347 1931 (ς.
1336 1849 1466 1931 77.
1433 1841 1536 1925 )de
1560 1842 1730 1910 industria
1752 1845 1817 1910 boc
1838 1861 2074 1932 argumentum
2100 1873 2273 1936 aggressus
2302 1867 2353 1920 eat

653 1983 688 2033 et
710 1963 840 2052 egregie
862 1955 1047 2027 illustravit
1069 1975 1147 2020 cum
1170 1954 1435 2044 experimentis,
1460 1971 1533 2021 tum
1557 1955 1688 2024 theoria
1708 1977 1768 2024 sua
1791 1955 1942 2026 οιι1οιἱιί
1950 1958 2097 2028 latentis.

692 2075 819 2166 Quoad
856 2069 1112 2160 experimenta,
1142 2067 1274 2153 primns
1310 2064 1450 2146 docuit,
1484 2065 1656 2132 diversum
1681 2071 1929 2156 evaporatiouis
1958 2069 2064 2157 frigus
2099 2096 2169 2140 nou
2197 2077 2240 2144 ab
2268 2078 2396 2160 aeris

651 2207 763 2273 motu,
785 2185 899 2254 aliisve
930 2178 1037 2247 causis
1059 2175 1281 2266 dependere,
1301 2173 1363 2240 sed
1386 2175 1488 2241 unice
1517 2175 1741 2246 determinari
1766 2205 1829 2269 per
1855 2183 1943 2248 atris
1965 2182 2227 2255 humiditatem.
2260 2187 2356 2256 lianc

649 2319 761 2370 autem
780 2298 887 2382 legem
910 2287 1072 2383 probavit
1092 2307 1158 2375 ope
1181 2284 1413 2372 bygrometri,
1438 2285 1531 2375 quod
1556 2311 1661 2380 supra
1684 2291 1940 2422 descripsimus.
2316 2299 2321 2317 '

690 2407 815 2502 Quoad
843 2405 1034 2485 theoriam,
1056 2423 1098 2466 ex
1118 2395 1280 2486 physicae
1304 2397 1503 2466 recentioris
1523 2421 1598 2465 eam
1619 2403 1787 2489 quaesivit
1808 2405 2020 2494 principiis,
2043 2425 2215 2494 statuens,
2238 2411 2354 2477 eonti-

650 2549 719 2594 nna
746 2519 990 2610 evaporatione
1021 2507 1264 2600 aequilibrium
1298 2509 1383 2575 oriri
1413 2508 1504 2576 inter
1535 2509 1742 2589 caloricnm,
1775 2513 1869 2601 quod
1902 2515 2013 2582 latens
2036 2519 2153 2585 reddit
2186 2544 2292 2609 vapor
2318 2537 2355 2587 et

616 2673 624 2684 =
652 2635 748 2727 quod
779 2631 861 2698 buic
889 2625 983 2696 cedit
1009 2629 1082 2692 air.
1133 2619 1304 2710 Deinceps
1331 2621 1466 2708 posuit,
1498 2622 1651 2711 quamvis
1686 2623 1774 2690 alitis
1812 2625 2038 2716 particulam,
2070 2651 2177 2718 quum
2215 2631 2361 2700 calorioi

648 2740 925 2838 suprapoudinm
944 2733 1088 2829 perdat,
1113 2748 1247 2800 tantum
1268 2753 1375 2821 aquae
1405 2731 1609 2817 dissolvere,
1635 2734 1824 2824 (theoriam
1848 2735 1942 2804 enim
1971 2737 2142 2805 chemicae
2161 2741 2297 2826 vaporis
2317 2743 2353 2808 in

649 2865 725 2927 aire
745 2853 923 2928 solutionis
944 2851 1142 2916 etiamnunc
1163 2841 1407 2938 amplectitur)
1431 2863 1598 2938 quantum
1617 2844 1660 2912 ad
1688 2848 1931 2912 saturationem
1947 2848 2122 2938 requirit,
2148 2845 2230 2914 dnm
2250 2859 2354 2938 vapor

654 2969 791 3040 calorici
816 2963 1008 3055 portionem
1032 2959 1170 3038 sorbet,
1195 2957 1276 3021 bnio
1304 2959 1490 3046 quantitati
1518 2957 1812 3051 proportionalem
1830 2975 1933 3048 atque
1955 2961 2197 3042 nummariam,
2218 2979 2256 3027 nt
2274 2987 2349 3028 ma·

651 3101 732 3151 neat
767 3075 969 3146 a'e‘rilormis.
1036 3073 1154 3160 Quum
1186 3091 1268 3136 vero
1305 3071 1439 3156 vaporis
1469 3071 1667 3157 quantitas,
1701 3093 1788 3158 qnae
1823 3071 2019 3136 etiamnunc
2051 3067 2189 3136 dissolvi
2216 3091 2351 3159 potest,

652 3193 804 3288 pendeat
829 3191 872 3260 ab
894 3211 953 3274 ea,
976 3207 1064 3280 quae
1087 3184 1226 3271 jamjam
1245 3180 1354 3250 solnta
1379 3197 1474 3263 crat,
1509 3179 1687 3247 concludit
1714 3195 1853 3260 auctor,
1875 3177 1982 3263 frigus
2011 3181 2259 3272 evaporationis
2284 3209 2347 3252 ac-

650 3323 764 3378 curato
787 3303 899 3373 metiri
925 3299 1012 3370 a'dris
1042 3296 1243 3364 siccitatem.
1294 3289 1427 3378 Addit,
1451 3292 1542 3360 banc
1567 3292 1770 3359 theoriam‘
1760 3315 1947 3358 immunem
1969 3311 2039 3358 esse
2060 3291 2103 3356 ab
2123 3295 2216 3357 omui
2234 3293 2350 3386 hypo·

653 3420 761 3498 thesi,
784 3417 828 3486 de
855 3415 1008 3501 ratione,
1033 3435 1101 3501 qua
1123 3409 1237 3478 locum
1265 3403 1373 3472 habet
1394 3405 1612 3494 evaporatio,
1636 3404 1665 3471 si
1692 3403 1796 3470 modo
1823 3391 2052 3527 concedatur,
2084 3399 2266 3470 calorioum
2286 3429 2350 3472 eo-

653 3529 734 3595 dem
756 3546 907 3616 tempore
929 3523 973 3592 ad
996 3545 1156 3612 vaporem
1179 3516 1326 3600 adduci,
1352 3539 1421 3607 quo
1443 3515 1639 3584 dissolvitur
1661 3541 1760 3606 aqua.
1954 3516 1957 3527 “
2192 3523 2205 3532 ’·

692 3639 759 3706 si
750 3661 819 3721 qam
840 3636 1034 3730 appelletur
1053 3631 1259 3722 ycaparitas
1280 3625 1441 3703 calorioi,
1461 3649 1562 3718 quam
1585 3627 1688 3692 babet
1713 3637 1772 3690 ae'r
1789 3626 1920 3691 ratione
1939 3647 2064 3714 aquae,
2081 3643 2150 3695 eta
2170 3629 2352 3696 caloricum

650 3751 784 3846 vaporis
809 3740 948 3832 latens,
964 3747 1074 3839 quivis
1097 3739 1308 3834 bygrometri
1326 3739 1452 3824 gradus
1474 3735 1690 3816 declarabit,
1713 3759 1815 3798 unam
1833 3736 1920 3797 aeris
1948 3751 2079 3819 partem
2112 3757 2184 3796 eam
2212 3735 2350 3803 caloriri

534 3911 538 3916 ⁵
649 3917 876 4008 quantitatem
901 3912 1084 3994 liberasse,
1110 3933 1250 4032 quae·
1226 3881 1250 3958 ἵ
1277 3919 1392 3997 partes
1420 3923 1527 3992 aquae
1559 3901 1596 3965 in
1626 3917 1786 3988 vaporem
1821 3891 1974 3976 redigere
2008 3893 2126 3979 possit.
2178 3895 2213 3962 si
2248 3899 2350 3983 igit..

648 4135 844 4205 dillerentia
868 4129 1160 4222 psychrometrica
1178 4125 1223 4190 sit
1241 4138 1269 4195 Δ
1290 4091 1554 4244 graduum-,Z
1500 4081 1554 4147 Ay
1577 4131 1693 4206 partes
1716 4133 1822 4202 aquae
1844 4109 1978 4198 vaporis
2000 4107 2143 4176 sormam
2165 4133 2346 4181 assumere

651 4303 751 4370 Ponit
778 4316 890 4369 autem
920 4286 1351 4362 Lealtaa=6oo0ct
1384 4272 1869 4353 e..·.·60001hermometri
1904 4270 2156 4348 differentialis,
2185 4285 2345 4365 7··³

646 4467 739 4537 nnle
761 4463 905 4532 formula
934 4459 1044 4530 oritur
1071 4460 1144 4527 i:
1170 4415 1293 4572 Ι-δ-ἲῖο,
1317 4453 1343 4516 oi
1367 4455 1384 4522 3
1405 4451 1449 4516 sit
1469 4443 1640 4538 quantitas
1662 4437 1819 4528 ιιροιίι,
1843 4457 1943 4524 quam
1969 4443 2029 4501 aer
2052 4437 2205 4526 recipere
2223 4457 2351 4564 potest..

690 4627 726 4696 Si
750 4625 891 4716 quidem
918 4625 1040 4714 glacies
1072 4620 1217 4689 bulbum
1253 4617 1386 4702 cingat,
1409 4611 1553 4699 erite,
1578 4608 1702 4690 major,
1725 4623 1799 4666 eam
1830 4597 1905 4666 scil.
1934 4596 2069 4666 calorici
2100 4605 2343 4691 quantitatem,

636 4813 750 4884 'quatu
784 4789 865 4874 ligat
919 4787 1045 4869 lacios,
1070 4787 1195 4856 dum
1185 4807 1223 4850 ιιι
1251 4802 1370 4870 aquam
1400 4789 1563 4840 mutatur.
1617 4769 1694 4835 Erit
1724 4789 1864 4869 ergo
1834 4767 1923 4834 3·-
1878 4811 1923 4828 -
1953 4802 2077 4887 -7
2051 4787 2096 4828 =
2115 4800 2341 5002 M&
2277 4769 2343 4836 Ul-

2583 3359 2589 3596 i

2583 3605 2589 3682 ¹

2580 3848 2589 4211 l

2581 4418 2589 4530 ¹

2578 4937 2589 5309 s

2315 5336 2586 5663 ¹
