5216 6270
597 637 654 722 e'·
811 641 1155 716 anexaunat
1201 627 1424 712 canoni
1467 635 1782 720 οῦιιζιιιιιιι
1826 641 2106 718 sesamae
2197 741 2200 748 ι

643 833 692 900 3⁰.
717 827 883 922 ponderis
918 826 1111 893 immutatio
1141 823 1221 891 satis
1245 824 1386 910 insignis
1415 825 1476 910 sit,
1510 841 1549 910 ιιι
1565 821 1690 916 ‘exigui
1719 849 1889 911 errores„
1910 826 1971 916 qui
1994 850 2172 917 nunqnam
2202 837 2325 907 evitari

619 961 808 1034 poterunt,
833 940 1059 1028 negligantur.
1436 921 1457 936 ⁸¹

656 1059 858 1148 Specictim
884 1079 966 1126 vero
986 1054 1213 1138 exsiccamus,
1235 1058 1270 1122 in
1292 1055 1381 1122 aeris
1403 1055 1630 1122 determinata
1649 1055 1807 1146 portione
1825 1052 2003 1138 adhibita,
2026 1075 2236 1144 reposcunta

666 1173 782 1240 1⁰.vis
806 1171 884 1237 satis
906 1169 1046 1256 insignis
1068 1171 1132 1251 sit,
1155 1185 1194 1233 ut
1216 1192 1352 1234 omnem
1374 1168 1537 1278 sorbeant
1558 1191 1754 1257 vaporem,
2143 1147 2146 1153 Ι

667 1299 715 1354 2⁰.
742 1301 835 1352 tanta
859 1285 928 1364 sit,
949 1301 987 1352 ut
1009 1283 1107 1351 hunc
1122 1284 1277 1350 retinere
1298 1282 1446 1350 valeant.

660 1397 840 1488 Siquidem
862 1395 981 1464 eadem
1005 1419 1152 1483 corpora
1172 1397 1209 1460 in
1229 1403 1308 1460 aiire
1330 1409 1450 1489 aperto
1472 1395 1724 1478 adhibeantur,
1748 1411 1904 1484 oportet:

665 1526 710 1580 ιο.
733 1535 850 1577 eorum
875 1525 995 1574 natura
1018 1497 1061 1573 ne
1086 1532 1104 1571 a
1127 1524 1279 1598 tempore
1300 1519 1358 1572 aut
1377 1501 1474 1588 loeo,
1498 1509 1604 1578 ali‘ave
1627 1507 1844 1584 conditione,
1866 1523 1965 1574 extra
1984 1523 2135 1577 nostram
2152 1529 2308 1599 potesta

624 1643 693 1692 tem
724 1625 857 1716 posita,
881 1619 1045 1713 pendeat.
1098 1613 1269 1690 Convenit
1295 1607 1413 1705 enin,
1446 1639 1495 1689 ut
1508 1643 1645 1764 semper
1666 1638 1701 1688 et
1725 1621 1835 1691 ubivis
1858 1621 1978 1689 eadem
2008 1626 2149 1692 materia
2169 1627 2335 1698 obtineri.

619 1739 738 1830 possit.
1110 1803 1114 1810 ,
1316 1753 1319 1762 ’
1862 1757 1865 1762 ·

664 1863 710 1916 2⁰.
734 1847 899 1942 ponderis
934 1848 1203 1925 incrementum,
1241 1844 1321 1912 dato
1343 1863 1495 1936 tempore
1521 1848 1566 1913 sit
1592 1847 1631 1912 in
1666 1849 1800 1915 ratione
1820 1851 2002 1918 constanti
2026 1868 2061 1918 et
2091 1851 2320 1922 determinata

620 1984 698 2026 cum
722 1963 855 2050 vaporis
878 1961 1069 2052 quantitate
1091 1968 1170 2025 abre
1194 1975 1378 2036 contenta,
2144 1977 2148 1982 '

666 2075 715 2144 5⁰.
737 2073 856 2140 eadem
878 2091 1009 2142 maneat
1026 2075 1062 2138 iu
1082 2071 1203 2139 illis'
1173 2095 1221 2142 ιιι
1240 2073 1434 2155 exsiccans,
1458 2072 1767 2164 qualemcunque'
1756 2096 1826 2158 Jam
1849 2100 1956 2166 aquae
1975 2052 2171 2164 portionem
2185 2102 2318 2144 assum·

621 2188 747 2264 serint.
764 2205 852 2272 aut,
876 2176 1101 2270 simuletur,
1125 2181 1208 2253 hee'c
1232 2199 1455 2270 cognoscatur
1478 2185 1680 2245 immutatio.
2106 2249 2113 2271 ι

665 2303 700 2365 Si
734 2275 894 2390 denique*
929 2325 1095 2392 quaeras,
1120 2295 1206 2388 quid
1236 2299 1273 2362 in
1304 2289 1568 2359 absorbentibus
1597 2289 1855 2378 hygroseopicis
1886 2293 2117 2381 desideretur,
2150 2315 2188 2363 ut
2218 2321 2325 2386 scopo

621 2435 680 2478 auo
699 2412 931 2502 respondeant
944 2440 953 2482 ι
1422 2425 1424 2430 '

663 2537 708 2592 1⁰.
731 2513 819 2588 ratio
842 2528 977 2608 cognita
995 2526 1045 2585 sit
1068 2523 1162 2584 inter
1186 2517 1321 2610 vaporis
1345 2532 1380 2582 et
1408 2514 1575 2607 ponderis
1598 2513 1851 2591 conditionem,
1875 2539 1945 2603 quo
1965 2520 2117 2606 pertinet
2141 2522 2263 2601 etiam,
2280 2539 2320 2588 ιιι

622 2641 658 2703 in
681 2637 772 2704 omni
794 2633 933 2702 materie
959 2631 1116 2719 ejusdem
1139 2633 1273 2717 generis
1297 2631 1341 2697 sit
1361 2627 1491 2695 eadem.

666 2763 711 2816 2⁰.
736 2751 900 2818 continuo
921 2763 1092 2814 assumant
1115 2745 1206 2812 illud
1229 2743 1385 2836 pondus,
1410 2739 1505 2831 quod
1521 2737 1717 2832 ⁴respondet
1733 2743 1913 2830 praesensi
1935 2747 2069 2834 vaporis
2097 2747 2329 2830 conditioni..

624 2867 647 2930 i.
673 2887 701 2929 e.
720 2862 885 2929 indicatio
905 2879 940 2928 et
958 2861 1149 2928 indicatum
1170 2862 1240 2924 sint
1257 2859 1464 2948 synchroua.
1509 2855 1584 2920 lluc
1604 2853 1757 2942 pertinet
1773 2852 1891 2941 qdod,
1913 2856 2233 2950 cacterisparlbns,
2251 2877 2326 2936 ten-j

628 2976 706 3040 dem
730 2973 893 3040 facilitate
917 2997 1039 3063 aquam
1062 2973 1234 3040 attrahere
1253 2989 1289 3037 et
1310 2971 1483 3036 dimittere
1505 2966 1650 3034 debent.

669 3091 715 3154 50.
739 3107 783 3150 ne
807 3084 970 3171 temporis
991 3081 1090 3174 lapsu
1111 3080 1276 3146 iudicatio
1297 3063 1496 3148 immutetur
1518 3098 1575 3146 aut
1593 3085 1729 3175 pareat.
1793 3138 1798 3148 .

601 3199 602 3202 ’
635 3221 642 3236 ·
668 3199 719 3264 De
749 3192 1027 3270 conditionibus,
1059 3191 1188 3280 quihus
1218 3195 1338 3262 tiene
1375 3191 1569 3260 satisfacere
1594 3193 1732 3271 debet.‚·
1755 3216 1825 3262 non
1851 3193 2191 3280 agendumcenseo,
2217 3214 2326 3280 quum

629 3335 686 3376 eae
712 3308 753 3375 ad
778 3308 1008 3374 mechanicam
1028 3307 1131 3386 magis
1155 3304 1372 3390 pertineant,
1397 3327 1500 3393 qnam
1517 3301 1560 3366 ad
1587 3303 1870 3391 Hygrometriam.

634 3424 722 3486 .·iu
743 3421 852 3484 scolis
873 3409 1103 3506 postulatur,
1116 3429 1155 3478 ut
1177 3415 1347 3482 rationem
1371 3415 1591 3502 exprimant-5
1610 3414 1836 3499 ‘quaesisset
1865 3415 2030 3484 materiae
2051 3413 2187 3503 pondus
2210 3417 2321 3482 aeris.

630 3555 698 3621 qne
727 3525 965 3592 humiditatem
986 3522 1185 3589 intercedit.

673 3638 808 3729 Quodsi
824 3657 916 3722 ergo
930 3630 1089 3702 omuibus
1107 3627 1170 3697 his
1183 3628 1354 3718 quaesitis
1359 3627 1581 3720 responderit
1602 3585 1920 3718 Hygrometrum,
1909 3656 1986 3717 Jure
2007 3593 2172 3702 affirmare
2195 3658 2325 3720 postu

629 3774 725 3829 mus,
747 3747 834 3816 illud
858 3765 979 3839 aptum
992 3762 1069 3818 esse
1091 3737 1374 3816 determinandae
1396 3745 1531 3828 vaporis
1544 3741 1656 3832 aquei
1677 3741 1714 3808 in
1738 3748 1816 3847 ae're
1840 3741 2033 3832 quantitati.

1271 3959 1683 4052 «amaea-.-

1050 4193 1888 4353 rsasrnsroarea

1396 4515 1574 4639 ιι,

1241 4697 1533 4797 Dea'rgumsnti
1554 4705 1724 4832 historio·
1781 4734 1797 4758 ··
1825 4740 1876 4766 ν·
1944 4752 1948 4759 1
2010 4746 2014 4755 ·
2071 4701 2132 4759 ,.‚t.
2211 4731 2273 4766 m·

1551 4835 1561 4849 ι
2165 4836 2170 4866 ,
2245 4831 2275 4872 4

676 4914 871 4989 Vidimus
861 4937 898 4981 ιιι
932 4925 1030 5001 parte
1047 4900 1306 4998 praecedenti,
1327 4857 1586 4994 ponderationis
1611 4839 1778 4986 methodo
1808 4896 1983 4992 triplicem
2016 4864 2187 4985 conducti
2214 4921 2323 4989 rasio.

624 5053 735 5111 nem,
771 5053 838 5120 qua
862 5023 1040 5124 problema
1064 5017 1356 5113 bygrometricum
1387 5007 1559 5085 enucleari
1583 5011 1704 5105 possit·
1727 5003 1794 5084 si
1822 5028 1936 5085 antem
1962 5011 2121 5106 Physices
2149 5023 2326 5102 historiam

2241 5161 2329 5210 con·

1185 5241 1202 5271 ἱ
