5216 6270
582 601 1783 716 mmmmmoasommnmmmurffmmmu
1900 669 1907 693 ,
2000 605 2019 674 s

318 816 352 869 ot
375 797 529 868 habitum
553 793 732 890 proponit.
780 791 909 858 Tettau
935 789 1075 858 tandem
1099 811 1201 882 pars,
1234 791 1370 858 critico
1391 762 1486 872 scil„
1514 787 1690 881 explorat,
1713 801 1830 853 utrum
1850 807 1905 865 ea,
1928 807 2015 874 qnae
2050 803 2056 816 ·

321 917 356 980 in
379 909 543 980 methodo
562 907 714 997 exposita
732 906 934 994 praestitere
958 904 1114 996 physici,
1138 899 1371 998 respondeant
1389 901 1570 989 postulatis
1588 915 1688 968 antea
1707 901 1836 990 positis,
1863 921 1927 966 nec
1945 899 2012 965 ne?

321 1005 412 1092 Hinc
436 1047 518 1111 ergo
544 1019 796 1089 conclusionem
818 1019 943 1102 efficit,
968 1039 1146 1110 quousque
1168 1021 1238 1104 jam
1258 1017 1455 1104 pervenerit
1476 1033 1593 1082 nostre
1611 1013 1796 1083 doctrina?
1820 1010 1904 1101 quid
1926 1030 2008 1103 pro-¹

317 1136 479 1206 habiliter
501 1135 539 1202 in
565 1131 623 1200 illa
644 1130 751 1199 suerit
775 1133 986 1220 peractum?
1011 1126 1097 1220 quid
1127 1129 1313 1196 etiamnum
1331 1116 1576 1198 desideretur?

863 1449 1093 1475 ι““““““
1101 1445 1489 1471 “ῚΛΠΠΠΠΠ”Ι

534 1703 745 1792 uulua
802 1635 1344 1792 urenounuumn
1401 1673 1795 1811 marrones,
1877 1781 1881 1790 .

769 1945 891 2019 Quae
927 1945 1007 2004 EST
1042 1933 1564 2020 PER-PONDERATIONEM.
1686 1987 1696 2012 ,

940 2179 942 2184 ’
1036 2171 1269 2201 *⁸⁸¹-

714 2281 1575 2450 ‘Paus,rnu0uurroa

1102 2571 1144 2695 .ς’
1188 2627 1219 2714 Ξ.

857 2873 876 2904 ,.
908 2877 911 2886 .
933 2822 994 2888 De
1016 2822 1177 2890 methodi
1194 2823 1390 2911 principio.

302 3003 764 3142 ¹simplicissima,nimirum
785 3045 992 3132 methodus,
1006 3074 1073 3141 qua
1098 3049 1252 3138 corporis
1274 3050 1454 3138 cujusdam
1476 3047 1725 3117 determinatur
1748 3051 2008 3140 quantitas,est
2075 3099 2078 3104 -

297 3161 531 3230 ·Ponderatio.
576 3159 636 3225 Uti
664 3159 757 3225 enim
780 3159 830 3225 vis
864 3160 1039 3246 gravitatis
1069 3161 1234 3246 generalis
1260 3179 1314 3230 est
1345 3164 1508 3233 materiae
1532 3159 1707 3234 conditio,
1730 3157 1778 3224 ita
1808 3158 2015 3244 methodus,

300 3273 414 3358 ‚buius
433 3271 597 3360 principii
616 3287 816 3358 argumento
836 3269 1021 3358 adstricta,
1045 3297 1264 3366 nequaquam
1284 3277 1462 3368 propriam
1487 3291 1585 3342 curat
1607 3272 1814 3338 substantiae
1832 3290 2007 3342 ιιιιιιιιιιιιι

295 3380 559 3473 qualiscunque
584 3378 668 3446 baec
691 3381 755 3463 sit,
780 3382 850 3450 sive
872 3382 980 3450 solida
1005 3408 1041 3449 se
1067 3384 1193 3470 prodat
1215 3387 1345 3460 forme,
1369 3386 1438 3451 sive
1459 3383 1610 3474 liquida,
1631 3397 1688 3446 aut
1709 3389 1829 3460 aerea,
1851 3381 1880 3442 si
1907 3361 2011 3451 modo
2036 3445 2039 3451 ,

296 3495 502 3560 substanua
519 3491 637 3559 lancr
614 3513 766 3577 impona
782 3493 911 3576 possit,
936 3493 1002 3552 hoc
1022 3493 1191 3550 rationes
1174 3497 1204 3570 ej
1208 3494 1530 3592 uslinvenieturqu
1508 3493 1667 3554 ιιιιιιίιιι.
1715 3491 1763 3554 Ut
1785 3503 1898 3553 autem
1916 3487 2008 3558 hanc

294 3607 513 3685 ,methodum
539 3615 657 3664 nostro
680 3597 886 3686 problemati
909 3595 1145 3690 applicemus,
1178 3612 1301 3682 sponte
1330 3595 1554 3684 intelligitur,
1579 3621 1742 3686 vaporem
1767 3622 1809 3664 ex
1835 3607 1913 3666 edre
1937 3626 2008 3670 esse

308 3695 562 3803 separandum,
595 3704 723 3794 aliique
749 3707 886 3776 cuidam
906 3705 1114 3774 substantiae
1138 3703 1364 3794 affigendum,
1388 3709 1484 3805 cujus
1502 3707 1618 3793 ‘igitur
1646 3707 1783 3797 pondus
1814 3697 2006 3800 augebitur.

308 3827 382 3890 Jem
405 3844 509 3902 vero,
531 3815 584 3886 rel
607 3819 723 3884 omnis
750 3841 792 3886 ex
821 3826 902 3888 aere
925 3841 1033 3909 vapor
1060 3816 1191 3886 desumi
1218 3833 1350 3909 potest,
1372 3817 1427 3886 rel
1444 3814 1540 3906 pore
1563 3816 1683 3896 modo,
1704 3830 1740 3908 et
1766 3819 1850 3892 hinc
1877 3821 2006 3914 duplex

309 3937 420 4001 oritur
444 3934 547 4018 hujus
569 3927 726 3995 methodi
748 3927 960 4000 diversitas.‘
983 3929 1025 3996 In
1048 3932 1106 3996 illo
1125 3929 1220 3996 enim
1247 3929 1534 4021 caau,..p0nderis
1558 3947 1793 4018 augmentum,
1814 3939 1924 4027 siper
1944 3938 2004 4006 bi-

307 4042 443 4112 lancem
464 4038 689 4126 exploretur,
713 4038 911 4108 immediate
931 4039 1118 4130 quaesitam
1138 4039 1274 4128 vaporis
1291 4040 1469 4112 exhibebit
1489 4046 1737 4132 quantitatem,
1762 4045 1801 4110 in
1817 4049 1883 4116 Itoc
1904 4074 2003 4140 vero,

307 4176 349 4219 ex
369 4150 510 4219 relativa
536 4145 751 4240 quantitate,
779 4131 970 4272 absorpta,
978 4150 1022 4218 ad
1045 4146 1252 4230 absolutam,
1275 4157 1363 4217 edre
1364 4168 1597 4232 contentam,
1620 4153 1687 4219 erit
1712 4156 2001 4233 concludendum.

307 4264 349 4330 In
371 4279 517 4352 utraque
540 4274 654 4326 autem
672 4259 794 4346 agendi
813 4238 970 4343 ratione,
987 4262 1122 4362 vaporis
1144 4259 1232 4326 adsit
1248 4261 1455 4331 vehiculum
1477 4281 1511 4332 et
1533 4267 1674 4363 hilarate,
1702 4268 1858 4360 quibus'
1848 4294 1885 4344 tn
1911 4296 2000 4356 pos-

234 4377 236 4382 ’
308 4372 431 4452 teriotc
458 4393 543 4439 casu
566 4375 664 4438 acala
689 4370 858 4478 addatur,
892 4375 1068 4464 relativam
1098 4354 1234 4472 vaporis
1247 4373 1488 4499 quantitatem
1512 4345 1688 4445 indicans.
1724 4377 1801 4444 Erit
1832 4381 1936 4467 igitur
1962 4387 2000 4454 itt

308 4481 456 4568 generali
478 4481 581 4569 hujus
604 4485 759 4552 methodi
783 4488 993 4580 expositione
1016 4463 1255 4552 dicenduma‘
1498 4489 1513 4502 ''

352 4619 381 4658 ι
405 4593 449 4660 de
472 4595 683 4662 Materiebus
710 4595 994 4679 absorbentibus,

337 4726 382 4781 ,m
405 4705 447 4774 de
469 4707 730 4792 instrumentis,
755 4709 882 4802 quibus
904 4735 1020 4780 earnm
1040 4714 1243 4782 mutationes
1265 4715 1422 4801 indagari
1442 4728 1607 4806 possunt,

349 4821 382 4886 5.
405 4815 448 4883 de
472 4819 525 4887 his
546 4823 704 4914 utrisque
727 4823 773 4888 ita
796 4824 1063 4912 conjungendis,
1078 4846 1117 4896 nt
1134 4827 1176 4895 ad
1192 4827 1414 4924 problematis
1432 4831 1542 4900 nostri
1557 4827 1761 4908 solutionem
1778 4848 2001 4916 concurrant,

285 5006 292 5030 ς
349 4933 383 5000 4.
407 4929 451 5002 de
471 4935 631 5006 lllethodi
652 4938 850 5031 requisitis,
871 4963 913 5009 ex
935 4938 1000 5010 hac
1022 4945 1236 5033 expositione
1257 4941 1464 5016 derivandis.

1194 5108 1270 5180 As
1492 5175 1500 5184 ,
1812 5109 1816 5117 ’
1912 5111 2001 5196 §.20
