5202 6268
635 530 677 600 82
872 521 1204 597 anennual
1241 523 1457 600 cauom
1492 521 1809 598 GUILIELMI
1845 521 2127 599 suenum

637 729 789 784 ratnratu
811 728 905 776 auam
926 705 1126 798 perveniret
1151 705 1456 794 thermometrum,
1478 727 1579 778 antea
1601 709 1840 797 refrigeratum
1861 709 1972 780 fuerat
1992 707 2036 778 ad
2056 709 2241 779 terminum
2261 701 2359 798 fera,

641 847 711 916 quo
733 822 917 891 consistere
940 819 1118 903 debehat,
1139 845 1178 887 ac
1201 820 1284 888 dein
1303 843 1364 888 suo
1382 819 1459 892 loco
1478 823 1515 890 iu
1537 823 1621 890 tubo
1642 824 1837 912 ponebatur
1859 823 1934 912 (*).
1965 817 1969 827 '

685 935 954 1025 Experimento,
977 933 1024 999 ita
1042 933 1218 1012 instituta,
1241 935 1321 1001 satis
1344 934 1435 1004 bene
1460 935 1657 1023 probarunt
1681 934 1849 1002 calculum
1874 936 1938 1004 cei.
1960 933 2135 1002 Auctoris.
2179 933 2228 1000 Ea
2245 949 2356 1006 autam

644 1054 711 1118 hoc
737 1049 814 1118 loco
837 1045 1035 1130 adducere,
1057 1048 1271 1136 superfluum
1290 1045 1424 1132 habeo,
1448 1071 1556 1138 quum
1578 1069 1648 1114 non
1676 1049 1744 1118 nisi
1764 1048 1912 1116 mediate
1936 1046 1981 1116 ad
2010 1061 2249 1134 argumentum
2272 1069 2356 1114 uos·

646 1180 737 1230 trum
758 1162 970 1251 pertineant.

1436 1355 1470 1438 §.
1514 1355 1568 1424 81.

1125 1545 1187 1616 De
1212 1545 1380 1614 Theos-iia
1403 1545 1456 1613 cll.
1480 1545 1610 1637 Ivory
1631 1559 1669 1615 et
1690 1547 1872 1636 August.
1961 1573 1964 1582 ·

690 1739 861 1810 Theoriae
886 1735 943 1809 cll.
967 1739 1072 1831 19on
1096 1756 1131 1806 ct
1153 1741 1331 1829 August,
1353 1761 1394 1806 ex
1415 1737 1539 1805 iisdem
1560 1738 1632 1806 iera
1654 1743 1836 1833 principiis
1863 1741 2012 1824 ductae,
2031 1741 2097 1808 sibi
2119 1741 2205 1811 adeo
2233 1764 2361 1813 conre-

646 1858 767 1934 niunt,
790 1871 829 1921 ut
849 1853 950 1919 simul
981 1853 1043 1919 hic
1075 1851 1191 1920 locum
1221 1854 1384 1920 obtinere
1410 1852 1538 1942 optime
1567 1852 1760 1922 videantur.
1805 1857 1962 1946 Uterque
1988 1852 2145 1939 admisit,
2170 1879 2273 1946 quam
2298 1879 2362 1924 ea·

651 1965 814 2037 hibuerat
849 1968 893 2033 ol.
923 1967 1193 2058 Gay-Lassae,
1215 1964 1383 2032 theoriam
1414 1963 1459 2030 de
1483 1967 1730 2057 evaporationis
1751 1968 1879 2055 frigora
1901 1969 1939 2034 in
1964 1975 2047 2036 adse
2070 1969 2185 2054 sicco,
2219 1993 2364 2060 eamque

651 2084 725 2150 aeri
750 2079 893 2150 humido
925 2078 1122 2174 applicavit.
1167 2077 1375 2168 Aequationi
1399 2097 1501 2160 ergo,
1531 2077 1755 2167 praecedeuti
1780 2085 1800 2170 §
1829 2081 2019 2175 expositae,
2055 2081 2192 2150 additus
2217 2099 2269 2150 est
2290 2097 2365 2150 ter-

651 2195 784 2276 minus,
806 2219 849 2262 ex
874 2217 1002 2283 vapore
1025 2191 1277 2282 hygrometrico
1301 2186 1504 2264 ducendus,
1537 2213 1641 2279 quam
1667 2191 1916 2282 Gayfflmm,
1943 2209 2019 2262 ,uto
2038 2194 2208 2261 mim„

697 2308 751 2378 Cl.
777 2307 883 2396 Ivory
914 2307 1072 2396 sequenti
1103 2301 1205 2369 modo
1228 2323 1301 2368 rem
1334 2298 1400 2365 sibi
1426 2303 1604 2392 proponit.
1648 2301 1801 2371 Primum
1829 2305 1970 2396 quidem
1995 2309 2174 2399 explorat,
2196 2327 2366 2398 quaenam

652 2425 696 2490 sit
724 2437 802 2488 ante
824 2419 1101 2509 evaporationem
1125 2415 1213 2481 aeris
1235 2427 1271 2480 et
1293 2410 1428 2500 vaporis
1449 2412 1690 2501 hygrometrici
1720 2413 1882 2484 densitas.
1925 2419 2025 2484 Hauc
2046 2436 2178 2503 autem,
2200 2442 2269 2486 una
2290 2437 2368 2485 euna

654 2533 849 2602 differentia
867 2527 1160 2618 psychromatrica
1186 2521 1417 2591 determinare
1450 2523 1655 2590 densitatem
1673 2526 1807 2614 vaporis
1831 2525 2043 2607 formabilis,
2066 2528 2187 2598 eadem
2210 2529 2284 2598 {ere
2302 2543 2364 2598 ra-

656 2648 747 2716 tione
769 2641 988 2733 quaLeslie,
1002 2641 1132 2707 statuit.
1153 2636 1322 2740 Deinceps
1343 2635 1432 2701 a'eris
1454 2652 1559 2725 atque
1585 2639 1721 2728 vaporis
1738 2637 2239 2730 conditionem,evaporatione
2254 2643 2368 2725 iacta,

656 2756 871 2838 considerat,
894 2754 1063 2846 ponitque
1086 2753 1269 2818 maximum
1295 2748 1512 2816 saturationis
1534 2747 1677 2834 adesse,
1693 2763 1729 2816 et
1745 2749 1795 2818 sic
1821 2750 1934 2842 ipsum
1952 2752 2254 2841 psychrometrum
2277 2753 2366 2822 red·

657 2872 739 2939 dere
757 2871 893 2961 vaporis
914 2866 1159 2936 clasticitatem.
1198 2860 1360 2932 Tandem
1386 2857 1585 2945 concludit,
1607 2861 1701 2931 inter
1719 2859 1923 2930 densitatem
1941 2865 2031 2931 airis
2049 2881 2131 2932 ante
2147 2863 2366 2953 refrigerium
2455 2905 2467 2930 .

655 3001 760 3072 atque
780 3005 945 3046 summam
968 2977 1176 3045 densitatem
1201 2975 1337 3064 vaporis
1361 2973 1629 3064 hygrometrioi,
1653 2976 1827 3069 novique,
1847 2975 2026 3065 refrigerio
2044 2976 2260 3064 formabilis,
2280 2996 2368 3045 eau-

659 3096 738 3164 dem
766 3117 838 3161 esse
867 3094 1054 3176 rationem,
1087 3114 1173 3182 quae
1197 3088 1291 3156 inter
1325 3093 1441 3154 a'e'rem
1473 3103 1508 3152 et
1540 3109 1721 3176 vaporem,
1759 3091 1821 3180 qui
1845 3089 2146 3180 psychromsum
2174 3080 2370 3158 immediata

660 3210 814 3296 cingunt.

702 3323 740 3391 Si
762 3343 843 3407 ergo
863 3319 970 3388 literis
993 3313 1169 3408 sequentia
1192 3311 1436 3401 designanturt

746 3460 772 3502 u
793 3435 929 3526 pondus
951 3433 1040 3498 airis
1062 3428 1145 3497 sicci
1166 3426 1210 3494 ad
1232 3428 1441 3517 pressionem
1465 3425 1505 3496 28
1529 3423 1612 3516 poll.
1634 3446 1682 3494 ι·
1701 3449 1725 3494 n
1748 3439 1783 3493 et
1801 3425 1845 3494 o⁰
1868 3423 1909 3500 C·

747 3571 768 3612 c
789 3545 938 3612 densitas
960 3543 1096 3634 vaporis
1117 3543 1218 3635 aquei
1239 3543 1372 3608 ratione
1393 3539 1481 3604 aiiris
1817 3523 1821 3530 ¹

739 3685 776 3727 m
796 3657 987 3728 coiifficiens
1010 3655 1216 3721 dilatationis
1239 3671 1423 3745 corporum
1445 3640 1678 3718 aeriformtuu

727 3771 956 3862 ‘yspecifica
980 3767 1151 3858 capacitas
1176 3763 1314 3832 calorici
1336 3765 1425 3829 saris
1477 3789 1482 3798 ·

750 3917 770 3958 κ
791 3883 912 3954 eadem
935 3881 1104 3975 capacitas
1128 3881 1264 3971 vaporis
1286 3875 1387 3972 aquei

695 3993 701 4004 ¹
749 3999 975 4074 teodoricum
994 3995 1107 4063 latens
1130 3993 1266 4086 vaporis

752 4117 898 4184 batatus
921 4111 1010 4175 aeris
1033 4109 1282 4176 barometricus
1344 4099 1348 4106 ’

756 4244 773 4298 t
798 4221 954 4312 ejusdem
975 4237 1208 4312 temperatura

754 4347 780 4411 ι’
798 4353 967 4431 punctum
989 4335 1324 4424 psychrometricnm

744 4459 775 4519 ι’
798 4477 883 4544 quae
903 4447 986 4516 huic
1009 4445 1193 4524 convenit,
1218 4447 1353 4537 vaporis
1375 4446 1554 4515 clasticitas

756 4591 778 4631 x
800 4561 981 4632 clasticitas
1002 4559 1139 4649 vaporis
1160 4558 1403 4650 hygrometrici

708 4859 756 4944 (j)
776 4855 852 4912 aaa.
870 4851 906 4910 de
925 4851 1019 4912 Chim.
1039 4853 1120 4914 etde
1138 4854 1220 4936 Phys.
1241 4863 1314 4918 1822.
1343 4853 1421 4910 Tum.
1436 4847 1517 4906 xxt.
1548 4865 1603 4925 pag
1626 4853 1668 4902 ta.
