5216 6270
645 617 688 687 tt
869 613 1202 686 atuxauunt
1246 607 1458 685 cauom
1502 613 1811 686 autument!
1854 615 2121 691 struuutatt

694 793 805 880 Hujus
826 815 907 882 ergo
931 797 1070 864 termini
1093 801 1233 888 proprie
1258 809 1338 866 arant
1364 795 1579 867 differentiae
1599 797 1691 865 inter
1712 795 1872 864 effectum
1894 797 2182 888 bygrometricum
2210 823 2246 873 et
2274 833 2346 898 py-

649 909 882 980 rometricum·
910 913 1070 980 Affirmat
1087 929 1200 980 autem
1223 913 1268 987 de
1291 914 1495 991 Seuaanre,
1515 933 1586 976 nou
1606 911 1790 992 interesse,
1813 927 1928 990 utrum
1951 925 2183 999 temperatura
2200 919 2245 985 ait
2269 927 2345 989 eie·

544 1065 547 1070 ι
648 1019 774 1098 ratior,
789 1046 834 1089 au
849 1047 931 1093 vero
959 1025 1063 1112 magia
1082 1025 1266 1116 depressa,
1289 1025 1313 1092 i.
1330 1048 1361 1092 e.
1376 1047 1482 1089 uuum
1501 1021 1646 1106 gradum
1671 1021 1717 1090 R.
1736 1019 1886 1089 eundem
1904 1019 2101 1112 producere
2117 1023 2276 1094 effectum
2299 1029 2344 1098 ad

650 1131 924 1230 qualemcunque
950 1139 1131 1207 accederet
1162 1154 1438 1224 temperaturam.
1494 1133 1592 1206 Hane
1627 1155 1709 1202 rere
1732 1131 1892 1200 'tabulam
1920 1133 1979 1200 ita'
2002 1132 2084 1202 dein
2115 1135 2277 1222 invertit,
2308 1157 2348 1208 ut
2448 1167 2454 1182 ·

648 1271 716 1337 pro
733 1249 873 1336 singulis
898 1251 1105 1342 bygrometri
1128 1249 1290 1338 gradibus
1319 1249 1546 1339 quantitatem
1582 1245 1720 1313 caiorici
1742 1243 2008 1324 determinaret,
2032 1253 2281 1332 necessariam,
2305 1273 2356 1324 ut-

646 1361 904 1450 bygremetrum
935 1390 1042 1432 unum
1066 1364 1209 1450 gradum
1237 1364 1406 1445 variaret,
1436 1384 1502 1428 nec
1543 1383 1614 1426 uou
1646 1357 1843 1425 distantiam
1871 1383 1891 1426 a
1925 1363 2141 1430 saturationia
2173 1367 2342 1449 termino,

645 1474 670 1538 i.
697 1498 728 1542 e.
759 1473 986 1568 quantitatem
1017 1476 1176 1556 calorici,
1200 1500 1267 1564 qua
1296 1477 1397 1540 mima
1421 1474 1710 1565 praecipitaretur
1736 1477 1855 1560 rap'or.
1899 1471 2114 1546 Addendum
2134 1493 2249 1546 auteur
2267 1495 2342 1564 eet,

531 1657 537 1664 ,
649 1607 718 1651 uon
740 1585 906 1658 inservire
928 1588 1078 1661 tabulam
1098 1589 1164 1658 uisi
1192 1613 1257 1677 pro
1280 1587 1431 1678 capilio,
1450 1589 1574 1656 'ea'dem
1599 1585 1733 1652 ratione
1755 1580 1843 1650 elixo
1867 1585 1899 1652 i.
1921 1609 1950 1654 e.
1966 1590 2075 1674 ‘eujus
2098 1589 2266 1678 elongatio
2294 1609 2350 1660 eat

646 1721 694 1766 =
715 1701 855 1786 0,0245,
877 1724 957 1769 tuae
982 1698 1207 1808 longitudiuia
1230 1727 1248 1767 a
1269 1723 1290 1769 o
1310 1731 1355 1751 -
1377 1712 1466 1770 100⁹.

1428 1879 1463 1962 §-
1504 1874 1562 1944 io.

809 2035 870 2105 De
891 2037 985 2108 aina
1008 2037 1212 2116 densitare,
1226 2039 1339 2130 juata
1361 2035 1414 2102 de
1435 2037 1658 2106 Sauaaure
1679 2037 1718 2104 in
1740 2037 2015 2126 bygronaetmru
2035 2056 2179 2130 egente.

686 2197 871 2288 Poatquam
895 2222 1067 2286 aggressus
1095 2214 1171 2279 erat
1204 2201 1398 2283 examinare
1412 2197 1592 2286 'audonem
1618 2197 1703 2261 aeria
1728 2197 1882 2261 evacuati
1907 2197 1944 2262 in
1971 2199 2249 2288 bygrometrum,
2274 2229 2346 2296 pqr·

641 2305 831 2393 valvulam,
852 2311 1015 2380 mercurii
1036 2335 1102 2408 epe
1125 2310 1374 2394 claudendam,
1397 2305 1600 2398 prohibuit,
1623 2306 1806 2396 quominus
1827 2331 1957 2398 vapor,
1985 2309 2023 2376 iu
2049 2309 2172 2378 antliae
2191 2337 2340 2408 corpore

642 2417 827 2499 seruatur.
849 2418 894 2488 ad
923 2445 1120 2515 campanam
1146 2419 1357 2512 penetraret.
1402 2421 1515 2506 Hujus
1540 2442 1724 2506 campanae
1751 2430 1865 2488 aiirem
1895 2424 2047 2510 proxime
2069 2421 2168 2490 duxit
2190 2424 2234 2492 ed
2257 2452 2335 2494 ma-

644 2532 774 2597 ximum
794 2535 1034 2615 saturationia,
1055 2536 1102 2597 ita
1126 2551 1239 2598 tamen
1260 2548 1297 2597 ut
1318 2529 1413 2598 nulla
1435 2549 1523 2600 earet
1542 2531 1726 2598 humiditas
1746 2531 1943 2624 superdea,
1966 2559 2006 2602 ee
2026 2533 2136 2601 lutum
2155 2537 2188 2604 ei
2214 2539 2335 2629 appli-

649 2641 738 2710 carit
761 2663 804 2708 ex
822 2663 900 2708 cera
913 2641 1003 2710 bene
1024 2643 1115 2712 aicca
1133 2661 1303 2736 paratum.
1343 2645 1409 2710 Per
1428 2643 1608 2714 intervella
1630 2643 1713 2711 dein
1732 2662 1845 2734 parter
1867 2631 1954 2712 airis
1976 2645 2358 2738 erdaausit'uequaiea,¹

642 2755 738 2838 cuiue
760 2750 811 2820 rei
837 2754 965 2820 certior
983 2752 1194 2824 reddebatur
1221 2783 1281 2845 per
1302 2774 1561 2826 manumetrum.
1603 2757 1760 2826 Perrexit
1790 2759 1837 2824 ita
1865 2757 1903 2826 iu
1933 2757 1997 2826 hae
2021 2763 2239 2855 operatione,
2263 2761 2335 2832 doe

640 2883 709 2934 nee
724 2855 985 2954 bygmmetrum
1006 2883 1130 2935 etatum
1155 2861 1365 2940 coustintem
1385 2872 1570 2940 iudicaret.
1624 2932 1629 2948 ,
1664 2937 1667 2947 ,
2065 2942 2068 2959 ,

688 2971 758 3040 Hac
780 2974 884 3059 igitur
903 2975 1034 3044 ratione
1056 2981 1289 3070 experimenta
1314 3008 1371 3050 aua
1393 2985 1568 3070 instituit,
1592 2995 1703 3056 adrem
1727 2988 1878 3076 primum
1898 3011 1964 3074 per
1985 3007 2141 3080 quartat,
2167 2990 2249 3058 dein
2268 3015 2336 3084 per

643 3103 775 3170 eutem
798 3103 914 3175 parter
935 3089 1152 3162 mhaurieur.
1199 3095 1388 3188 Utriusque
1416 3101 1623 3188 operationis
1653 3099 1725 3168 duo
1747 3113 1882 3166 exstant
1911 3102 2163 3201 experimenta,
2179 3125 2336 3190 ¹quorum

640 3195 729 3266 illati
753 3196 888 3288 iprum,
907 3197 1003 3288 quod
1031 3219 1149 3272 auctor
1174 3205 1320 3296 reliquia
1345 3209 1522 3298 praciam,
1548 3237 1675 3304 quum,
1701 3236 1744 3279 eo
1767 3209 1939 3308 durante,
1961 3212 2000 3280 iu
2027 3209 2232 3289 laboratorio
2260 3235 2334 3284 uon

639 3325 830 3422 mutaretur
851 3309 1158 3397 thermometrum,
1181 3318 1243 3388 hta
1259 3323 1408 3416 exempli
1428 3324 1506 3394 loco
1527 3325 1755 3400 adducemur.
1778 3315 1781 3324 '

1173 3521 1752 3544 *um*

1182 3626 1202 3736 Ξ
1231 3579 1251 3728 Ξ
1310 3563 1470 3682 Altitudo

1182 3742 1202 3776 i>

1220 3731 1252 3864 a}
1297 3754 1499 3820 Barometri.
1539 3751 1743 3818 Exsiccatio.
