5216 6270
636 555 661 626 a
845 529 1188 636 noxarum
1231 545 1446 620 cauom
1485 547 1805 626 truttmunt
1849 552 2128 638 statuta

1189 987 1250 1058 De
1273 987 1498 1056 Moteriehua
1520 989 1805 1060 ohaorhentt'hua.

681 1187 800 1277 Quum
821 1182 988 1277 ponderis
1025 1198 1241 1276 augmentum
1260 1207 1354 1250 nuno
1377 1183 1587 1264 immediato,
1612 1211 1707 1257 nono
1730 1189 1878 1259 mediato
1904 1191 2042 1282 vaporis
2061 1193 2196 1267 indicet
2219 1212 2340 1290 quan·‘

639 1306 791 1390 titatam,
815 1305 992 1397 sequitur,
1015 1303 1192 1395 duplicem
1214 1325 1352 1394 quoque
1374 1305 1594 1373 materiarum
1619 1301 1878 1373 absorbentium
1902 1303 1980 1373 dari
2003 1305 2153 1378 classem.

679 1419 758 1487 Alia
783 1418 876 1486 onim
898 1441 1060 1509 corpora,
1082 1417 1246 1486 affinitate
1273 1415 1426 1482 ohemioa
1447 1416 1485 1484 in
1508 1439 1671 1508 vaporem
1696 1442 1844 1510 aqueum
1865 1419 2020 1511 praedita
2042 1438 2143 1506 aunt,
2168 1447 2236 1513 qua
2256 1450 2336 1495 eum

637 1534 810 1602 attrahere
836 1547 872 1600 et
898 1531 1112 1601 condensato
1140 1547 1316 1622 pergunt,
1340 1530 1452 1599 donee
1469 1531 1574 1627 plane
1595 1531 1727 1600 suerint
1744 1549 1912 1618 saturata,
1935 1557 2050 1625 neque
2076 1533 2158 1602 dein
2177 1559 2255 1604 eum
2273 1561 2335 1606 re·

633 1644 780 1724 laxant,‘
798 1646 864 1724 niti
893 1645 1045 1717 violenta
1075 1647 1148 1733 igni
1179 1643 1326 1718 notione.
1373 1645 1466 1712 Haeo
1491 1663 1574 1742 ergo
1608 1641 1785 1714 commode
1809 1645 2052 1716 Exaieoontt‘o
2080 1647 2243 1716 oltemt'oo
2267 1649 2337 1717 diei

635 1771 790 1845 possunt.

678 1869 758 1940 Alia
778 1885 892 1940 autem
913 1891 1084 1960 corpora,
1105 1889 1250 1963 porotae
1268 1884 1490 1958 tumtur-ae,
1513 1873 1582 1942 utra
1609 1871 1644 1940 vi
1665 1869 1841 1962 oapiliari,
1863 1872 1960 1958 aive,
1983 1897 2087 1966 qnam
2110 1891 2256 1951 vorant,
2278 1877 2335 1941 af·

638 1983 774 2052 finitato
801 1981 1073 2076 hygroeoopioa,
1108 2007 1270 2076 vaporem
1305 1985 1480 2054 attrahere
1505 1999 1651 2074 possunt
1682 2000 1785 2075 atque
1813 1982 1930 2070 ligare.
1984 1986 2102 2073 Quum
2140 2009 2222 2054 vero
2246 1987 2336 2054 haee

637 2096 866 2182 combinatio,
887 2097 957 2166 sive
973 2097 1173 2170 mechanica
1192 2099 1256 2178 sit,
1271 2100 1341 2166 aive
1359 2097 1622 2186 hygroaoopiea,
1635 2097 1862 2182 praecedenti
1880 2095 1980 2184 longe
1999 2099 2044 2164 ait
2064 2099 2260 2180 infirmior.
2277 2101 2333 2168 le-

637 2213 723 2282 viori
742 2211 825 2280 dein
844 2214 932 2300 ignis
955 2214 1111 2298 actione,
1133 2215 1158 2284 i.
1182 2239 1215 2283 e.
1238 2209 1477 2307 evaporatione
1501 2219 1711 2301 spontanea,
1733 2204 1953 2292 dissolvimur
1979 2232 2048 2294 quo
2075 2209 2138 2294 fit,
2162 2227 2201 2278 ut
2224 2236 2335 2304 aqua,

637 2321 755 2394 eedem
776 2347 872 2394 ruam
888 2323 1073 2420 linquens,
1095 2347 1261 2415 vaporum
1276 2325 1386 2389 forma
1403 2331 1522 2391 airam
1544 2337 1652 2412 petat.
1695 2321 1788 2390 Haeo
1806 2323 1913 2410 igitur
1940 2346 2011 2394 non
2035 2327 2225 2416 incongrue
2245 2328 2331 2398 Aa·

634 2439 818 2509 aorhentio
844 2440 1040 2528 capillario
1064 2435 1119 2506 vel
1141 2437 1408 2525 hygroacopioo
1431 2434 1502 2504 dici
1522 2447 1679 2525 possunt.

1425 2603 1460 2722 ς.
1504 2630 1537 2703 s.

1189 2809 1250 2896 De
1272 2825 1485 2897 Bihnoihtta
1506 2825 1787 2917 hygroacopiot't·

672 3023 748 3092 Jam
771 3021 877 3110 igitur
899 3022 1040 3092 materia
1059 3037 1200 3114 praesto
1223 3038 1296 3102 est,
1319 3024 1441 3114 vapori
1471 3017 1694 3122 suscipiendo
1723 3035 1825 3110 apta3
1850 3034 1979 3106 motat,
2002 3037 2041 3089 ut
2065 3046 2130 3112 par
2150 3027 2327 3101 bitanain

632 3137 826 3224 indagetur.
873 3135 1105 3230 Appendatur
1124 3137 1249 3225 igitur,
1271 3153 1329 3204 aut
1347 3159 1415 3228 qua
1435 3135 1531 3214 tuiis.
1552 3151 1631 3218 aut,
1650 3135 1679 3200 oi
1700 3132 1899 3202 formation
1919 3135 2028 3218 ferat,
2052 3137 2195 3227 eupulae
2214 3144 2330 3231 impo-

630 3252 712 3337 sita,
735 3248 777 3318 ab
798 3247 907 3318 altero
923 3251 1020 3340 scapi
1042 3251 1134 3338 διες
1158 3255 1202 3322 ab
1225 3251 1334 3322 aitero
1350 3271 1464 3322 autem
1485 3263 1721 3340 agataaeoma.
1766 3249 1840 3316 Hoc
1864 3243 2020 3336 augendo
2037 3267 2094 3318 aut
2116 3252 2327 3322 imminuen-

629 3365 675 3429 do
702 3362 838 3448 vaporis
861 3363 1034 3449 quantitas
1057 3363 1220 3461 absorpta
1244 3365 1297 3434 vei
1323 3365 1482 3456 expulsa,
1505 3361 1657 3432 inveniri
1680 3376 1806 3456 potest.
1855 3361 2001 3430 Faeiiint
2022 3379 2134 3432 autem
2151 3389 2217 3457 per
2237 3371 2332 3461 roupi

618 3469 887 3556 'inclinationem
914 3465 975 3531 illa
998 3475 1142 3532 mutatio
1165 3477 1357 3552 definitur,
1383 3491 1451 3554 qua
1474 3475 1513 3529 in
1535 3493 1635 3532 oanan
1657 3469 1748 3533 aoala
1773 3477 1928 3560 apposita
1949 3477 2012 3562 eit,
2036 3478 2074 3545 iu
2099 3479 2223 3548 oirouii
2246 3505 2329 3570 gra·

629 3584 694 3662 alus
716 3579 838 3648 divisa.
881 3573 973 3646 Hine
993 3576 1093 3646 ‘enim
1116 3575 1237 3654 iaoile,
1261 3593 1296 3644 et
1317 3575 1490 3660 integrum
1518 3575 1703 3660 materiae,
1723 3578 1886 3662 gratioris
1921 3584 2104 3669 redditae,
2126 3593 2263 3674 pondua
2285 3615 2331 3676 ιι,

630 3715 668 3766 et
695 3691 804 3768 tolum
822 3693 900 3784 ejus
931 3713 1075 3784 augmen
1090 3713 1141 3782 y,
1164 3687 1300 3759 elicitur
1321 3711 1387 3784 ope
1410 3687 1637 3757 formularum

1365 3803 1443 3871 Sin
1466 3798 1623 3888 (ὃ-1-Ῑ)
1796 3819 1798 3829 “

1252 3880 1277 3924 3
1297 3879 1342 3928 Ε
1363 3811 1689 3999 muz-131>
1817 3875 1826 3944 1

1363 4026 1485 4094 attin.
1510 4025 1538 4092 I
1557 4023 1638 4092 θοι.
1661 4023 1734 4146 ὂΡ

1246 4103 1277 4170 7
1293 4100 1341 4150 ²
1360 4079 1734 4222 ’ΜΠΡ

607 4306 612 4322 ,
677 4215 750 4320 Uhi
771 4274 801 4344 p
826 4247 998 4342 significat
1024 4245 1163 4340 pondua
1181 4243 1415 4336 primitivum,
1450 4241 1683 4317 hdimidium
1706 4247 1888 4337 anguium,
1923 4273 1989 4346 per
2021 4265 2206 4348 utrumqne
2234 4262 2329 4352 roupi

629 4359 813 4440 brachium
838 4363 883 4437 ad
918 4379 1076 4438 renuam
1098 4375 1212 4450 motor
1232 4375 1370 4452 ortum,
1404 4359 1709 4442 linoliuationem
1729 4363 1941 4441 observatam
1970 4363 2098 4440 indicia
2130 4394 2209 4444 aum
2239 4371 2331 4442 linea

629 4475 795 4554 verticuli.
