5216 6270
474 585 800 728 itcsrous'to
837 658 896 711 sn
929 625 1363 729 Qctcsrtonnst
1396 627 1707 704 rnrstctst.
1934 623 1980 724 59

273 841 423 950 optandis
456 838 627 922 Redisset.
653 905 662 919 .
686 831 752 914 llic
790 825 882 910 enim
922 820 1046 920 adfixit
1075 814 1181 918 'iilum
1215 811 1502 906 bygroscopicnm
1534 812 1681 882 lrustnlo
1727 831 1876 904 cupreo,
1906 801 1979 905 psr'

272 959 448 1032 cochleam
474 945 763 1020 micrometricam
785 937 917 1009 mobili.
960 937 1087 1004 Libere
1120 929 1182 999 filo
1213 926 1479 1022 appendebatur
1505 923 1782 1016 pondusculum,
1805 949 1875 1017 quo
1900 943 1977 994 ten·

272 1097 348 1142 sum
376 1081 580 1139 servaretur.
621 1063 665 1128 ln
691 1058 760 1127 hoc
785 1070 899 1123 autem
929 1051 1063 1138 signum
1095 1047 1225 1114 lineare
1258 1044 1371 1124 (trois
1386 1043 1433 1108 de
1456 1041 1602 1124 revere)
1633 1059 1707 1110 erat
1734 1039 1973 1130 insculptum,

271 1183 369 1280 qnod
388 1183 432 1250 ad
450 1173 712 1270 microsoopium
732 1163 928 1246 immobile,
952 1163 1013 1228 filo
1033 1181 1227 1227 transverso
1246 1158 1437 1242 munitum,
1461 1155 1687 1244 dirigebatur.
1723 1148 1858 1243 Quodsi
1878 1156 1969 1241 jam,

271 1285 402 1398 mutata
430 1293 481 1360 fili
503 1283 737 1377 longitudine,
761 1275 861 1349 simul
880 1271 969 1342 illud
988 1275 1123 1359 signum
1143 1287 1241 1339 extra
1269 1273 1487 1361 microscopii
1512 1268 1610 1338 filum
1639 1267 1883 1356 egrederetur,
1903 1289 1968 1361 per

272 1413 530 1482 micrometrum
548 1401 593 1471 ad
623 1401 716 1468 idem
741 1407 912 1490 punctum
930 1387 1176 1456 reducebatur.
1221 1385 1291 1452 llic
1317 1407 1399 1472 ergo
1419 1383 1532 1469 scala,
1554 1379 1807 1450 micrometrica
1827 1379 1971 1450 divisio·

270 1549 319 1593 ae
350 1509 491 1605 inhia,
515 1518 567 1584 fili
592 1511 847 1602 longitudinem
871 1503 1069 1574 immediate
1093 1500 1246 1569 metitur.
1291 1497 1548 1567 Determinatur
1571 1495 1666 1563 enim
1688 1493 1847 1560 materiae
1868 1491 1971 1560 slon-

276 1637 365 1726 gatio
392 1657 456 1730 per
485 1627 734 1701 revolutionem
759 1621 984 1694 micrometri.
1026 1617 1075 1685 Ut
1094 1631 1208 1682 autem
1225 1613 1331 1704 ipsius
1349 1611 1401 1679 fili
1426 1597 1666 1704 hygsuscopici
1686 1629 1782 1673 error
1801 1606 1969 1686 evitatur,

277 1751 345 1819 tria
375 1745 545 1841 appendit
570 1726 725 1834 separata
756 1735 872 1810 eidem
893 1734 1005 1804 frusto
1030 1751 1163 1820 cupreo
1184 1744 1219 1797 et
1240 1723 1386 1817 quodvis
1407 1721 1665 1817 pondusculum
1686 1719 1732 1788 ad
1753 1713 1974 1808 micro'scopii

275 1859 374 1955 fillum
394 1859 537 1932 adducit
573 1859 654 1948 (ι).

284 1969 288 1978 .
310 1974 315 1982 '
1067 1993 1102 2078 §.
1147 1987 1200 2061 54.

958 2185 1020 2251 Dc
1033 2181 1190 2268 punctis
1201 2180 1308 2268 fixis.-
1347 2198 1351 2208 ·
1391 2203 1395 2211 ·

320 2397 396 2465 lam
417 2411 498 2479 ergo
522 2389 691 2474 vidimus,
714 2381 887 2478 quomodo
911 2374 1018 2444 index
1047 2375 1146 2460 juxta
1175 2369 1303 2438 scalam
1335 2385 1528 2453 moveatur,
1552 2393 1640 2460 quae
1669 2365 1875 2460 plerumque
1899 2371 1979 2439 cir-⁴

281 2507 404 2578 cularis
429 2522 501 2588 est,
524 2521 774 2590 nonuunquam
796 2493 956 2572 linearis,
981 2489 1020 2552 in
1043 2485 1148 2550 uttico
1174 2487 1253 2550 casu
1274 2480 1536 2554 micromstrice.
1581 2483 1630 2548 Ut
1653 2505 1735 2569 yero
1760 2505 1878 2550 earum
1895 2507 1979 2570 gra!

281 2627 352 2695 dus
369 2627 461 2715 iuter
482 2645 518 2690 sc
540 2613 735 2706 comparari
762 2609 918 2702 possint,
942 2599 1054 2668 unitas
1076 2596 1180 2665 statui
1202 2594 1326 2680 debet,
1348 2617 1420 2661 non
1451 2592 1519 2660 nisi
1546 2614 1612 2686 per
1632 2608 1763 2686 puncta
1790 2591 1859 2664 fixa
1886 2595 1983 2662 obti.

281 2737 411 2810 nenda.

290 2869 297 2906 =
326 2853 395 2921 Da·
416 2850 516 2918 Luc,
540 2843 584 2909 in·
599 2839 753 2930 ehurnep
775 2855 837 2902 suo
853 2835 1093 2923 bygrometto‚
1117 2845 1227 2896 naum
1243 2821 1348 2890 modo
1377 2817 1444 2890 tale
1467 2816 1658 2886 adhibebat
1680 2831 1870 2905 punctum,
1893 2815 1991 2908 illud

282 2961 359 3034 scii.
397 2956 492 3054 quod
521 2952 710 3040 attingebat
734 2944 991 3035 hydrargyrum
1019 2941 1058 3008 in
1088 2959 1182 3028 aquo
1208 2933 1480 3023 congelascente.
1538 2933 1632 3000 Tum
1660 2951 1744 3000 tero
1770 2951 1790 2992 a
1818 2931 1984 2996 mercurii

282 3069 485 3142 dilatatione
509 3069 678 3133 unitatem
698 3057 876 3130 dosumsit·

288 3185 446 3252 ·1’.ostea
467 3195 581 3247 autem
598 3193 635 3245 et
660 3176 736 3268 ipse
761 3167 875 3240 etalii
905 3165 948 3234 ab
978 3165 1044 3232 hac
1067 3159 1232 3232 methodo
1255 3169 1485 3228 recesserunt.
1528 3153 1650 3244 Quum
1672 3152 1766 3222 enim
1796 3153 1983 3222 maximum

279 3293 552 3382 summumst
580 3287 766 3369 siccitatis,
781 3279 944 3358 ,naturali
976 3297 1118 3365 prorsus
1144 3272 1296 3352 ratione.
1323 3271 1394 3340 duo
1423 3268 1533 3338 scalae
1565 3280 1715 3330 extrema
1745 3261 1982 3348 constituant,

282 3433 398 3481 omnes
416 3429 456 3473 eo
479 3398 666 3470 tenderunt
686 3392 895 3463 recentiores
922 3386 1078 3476 physici,
1099 3397 1138 3448 nt
1169 3383 1253 3446 haec
1271 3373 1400 3470 puncta
1424 3376 1711 3443 determinarent.
1754 3372 1805 3438 De
1829 3388 1979 3463 utroque

283 3507 397 3592 tamdn
422 3527 493 3584 noh
518 3531 640 3599 parum
664 3501 885 3570 dissentiunt.
928 3495 1155 3582 Quapropter
1182 3485 1613 3573 videbimus-singulatim.
1980 3458 1985 3478 ⁸

288 3669 305 3702 .··
326 3655 360 3702 ι,
381 3619 555 3716 quomodo
587 3614 767 3684 minimum
789 3607 949 3696 vaporis,
1336 3683 1340 3696 Ι

322 3762 362 3810 2.
381 3730 555 3826 quomodo
576 3727 650 3813 ejus
670 3722 855 3790 maximum
876 3719 1035 3788 obtinere
1053 3708 1122 3780 sibi
1143 3703 1206 3779 visi
1227 3705 1309 3780 sint.

322 3845 562 3926 Dechsolutp
588 3838 758 3906 siccitate
779 3830 931 3898 diversae
957 3825 1097 3894 omnino
1119 3813 1273 3914 prolatae
1294 3803 1376 3892 sunt
1393 3803 1595 3892 sententiae.
1642 3815 1714 3892 Alii
1739 3810 1833 3893 illam
1854 3825 1891 3893 in
1914 3849 1977 3896 ta·

282 3987 348 4042 sao
377 3977 435 4040 aut
458 3959 596 4037 ina'e‘re
617 3947 731 4026 sicco,
752 3939 808 4008 alii
830 3940 1024 4028 quaesivere
1046 3960 1111 4026 par
1126 3923 1276 4021 ignemy'
1291 3936 1347 4002 alii
1375 3927 1527 4026 denique
1551 3957 1617 4024 per
1637 3931 1844 4002 substantias
1866 3939 1982 4006 exsic-

285 4091 405 4158 ψῃ
426 4064 674 4154 sufflablisser?
694 4068 885 4164 tentarunt.
930 4037 1025 4115 Scil.
1040 4033 1418 4136 Lambers'maximum
1435 4039 1599 4110 siccitatis
1618 4065 1683 4133 per
1701 4042 1842 4111 antliam
1861 4071 1978 4152 pneu-

286 4187 444 4259 maticam
465 4177 608 4259 haberi,
630 4199 649 4240 a
678 4167 788 4260 priori
810 4159 935 4252 posuit.
979 4149 1098 4246 Quum
1121 4143 1490 4250 autem'b'rperim'e‘nta
1509 4148 1597 4220 hde'c
1619 4177 1691 4222 non
1709 4153 1960 4228 confirmarent
1968 4156 1987 4245 ,'

284 4302 377 4372 idem
399 4308 569 4388 punctum
593 4307 659 4376 per
689 4274 944 4348 observationes
968 4267 1242 4356 meteorologicas
1268 4265 1499 4336 determinare
1535 4264 1678 4334 studuit.
1728 4263 1733 4274 '
1861 4267 1871 4288 '

328 4409 461 4482 Eodem
482 4403 555 4470 sere
575 4415 752 4486 tempore,
774 4387 874 4454 multi
895 4387 965 4454 sim
983 4385 1069 4468 ignis
1097 4386 1327 4473 easiccantem
1349 4379 1505 4448 sufficere
1524 4380 1715 4472 putabant,
1738 4392 1777 4444 ut
1797 4379 1850 4448 tel
1871 4386 1981 4452 omnis

178 4591 181 4594 .
287 4527 326 4593 in
354 4537 499 4608 vapores
531 4510 644 4577 abiret
662 4528 751 4596 aqua
775 4499 937 4566 materiae
963 4495 1252 4587 hygroscopicae‚
1276 4489 1330 4562 vel
1349 4513 1494 4584 vapores
1514 4489 1561 4556 ita
1584 4492 1623 4570 iu⁸
1647 4500 1725 4556 aere
1747 4487 1979 4562 dissolveren-

260 4659 262 4666 ’
290 4655 367 4704 tur,
388 4648 426 4696 ut
449 4633 484 4694 in
507 4625 764 4714 hygrometrum
783 4609 927 4700 amplius
942 4609 1136 4696 ageie'non
1156 4621 1311 4698 possent·
1352 4604 1434 4672 llnc
1453 4601 1634 4693 'pertinent
1655 4599 1720 4666 viri
1740 4601 1880 4670 doctiss.
1906 4605 1982 4674 Ca.

280 4733 676 4854 pmeass‚,Clss'minello
699 4727 851 4813 (1785),
877 4724 1063 4805 Snwason,
1091 4722 1140 4787 da
1168 4719 1225 4818 St.
1250 4718 1437 4816 Massiua.
1465 4712 1585 4782 Kotes
1612 4712 1745 4800 (1817)
1779 4713 1916 4806 aliique.

333 4851 552 4925 Recentiores
573 4841 711 4912 tandem
731 4833 937 4906 exsiccantia
961 4833 1133 4922 chemica,
1151 4830 1195 4900 dc
1221 4827 1345 4921 quibus
1365 4841 1466 4898 antea
1485 4809 1633 4898 diximus
1657 4823 1714 4915 (S.
1725 4828 1785 4916 7.)
1797 4873 1808 4913 ,
1832 4829 1869 4895 iu
1885 4819 1983 4898 ushm

1852 5003 1855 5010 ,
1919 4963 1987 5040 ‚rog

288 5065 298 5082 ὗ
320 5103 364 5198 'it
382 5109 392 5182 l
410 5053 539 5161 mlle
560 5093 654 5158 Chim.
673 5103 703 5153 et
718 5089 804 5172 Phys.
820 5091 865 5156 ab.
887 5092 945 5164 367.

1195 5159 1270 5234 Di
