5202 6268
679 547 743 596 roo
904 514 1237 593 ALEXANDRI
1270 513 1486 592 GAROLI
1522 513 1846 592 emmeant}
1875 523 2160 618 ΘΗΜ-’ΜΛΝ

725 705 879 774 Primum
898 699 1129 772 examinemus
1148 703 1241 792 ipsas
1260 699 1503 788 aequationes,
1526 695 1608 766 dein
1629 699 1759 770 rubores
1781 709 2029 780 constantium

733 841 764 885 r.
788 809 967 894 Termini,
988 833 1030 878 ax
1055 813 1180 900 quibus
1199 809 1363 879 formulae
1386 809 1565 900 compositi
1588 828 1692 896 suut,
1710 814 1807 884 reris.
1820 815 1998 892 doetrinae
2016 827 2177 918 physicae
2195 840 2390 931 principiis

688 925 868 995 convenire
894 923 1076 992 videntum
1113 926 1156 992 In
1186 939 1386 1017 eomputum
1408 923 1502 990 euim
1532 921 1707 992 durantur
1727 926 1818 991 a'e'ris
1846 945 1880 995 et
1903 938 2044 1023 saporis
2070 940 2241 1032 densitas,
2263 951 2385 1024 eluti.

652 1099 654 1104 Α
681 1037 794 1120 ¹eitas,
817 1033 991 1102 dilatatio:
1016 1034 1149 1122 verbo,
1166 1034 1255 1102 nihil
1279 1035 1438 1103 omissum
1451 1080 1470 1118 ,.
1483 1032 1579 1101 nulla
1603 1033 1643 1098 iu
1666 1043 1769 1102 eousa'
1782 1058 1972 1125 peceatum
1990 1048 2068 1118 fuit.
2106 1055 2324 1130 Conveniunt
2344 1068 2388 1134 in,

686 1165 728 1215 eo
747 1162 816 1213 tres
835 1144 938 1223 illae,
952 1143 997 1212 de
1017 1146 1142 1235 quibua
1161 1145 1317 1232 agimus„
1331 1142 1498 1217 formulae
1518 1162 1558 1214 at
1578 1148 1628 1216 sio
1646 1169 1763 1218 omnes
1780 1156 1984 1226 retinendae
2002 1161 2197 1236 videantur.
2233 1173 2278 1240 Et
2298 1199 2386 1245 sane

688 1260 728 1326 si.
742 1257 820 1324 illas
838 1259 931 1324 inter
955 1279 994 1323 sa
1013 1264 1269 1354 eomparernusn,
1293 1273 1389 1346 patet
1411 1274 1450 1326 et
1475 1257 1657 1330 formulam
1678 1262 1723 1330 ol.
1746 1265 1868 1356 Iuory,
1891 1287 1926 1338 et
1948 1271 1994 1340 ol.
2019 1276 2174 1366 August
2193 1307 2384 1374 congruere

686 1371 854 1440 formulae
877 1369 921 1436 ol.
959 1368 1220 1456 Gay-Lumo.
1262 1368 1334 1462 Ubi
1364 1371 1457 1439 enim
1481 1370 1520 1436 iu
1550 1369 1617 1436 illis
1642 1373 1786 1476 ponitur
1812 1405 1837 1446 ss
1853 1405 1905 1448 =
1919 1405 1961 1466 o,
1984 1385 2142 1456 oriuntur
2165 1400 2395 1487 aequatioues·

688 1481 873 1549 identieae.
923 1480 1057 1548 Verum
1086 1477 1274 1546 nunidem
1303 1479 1395 1550 vaiet
1422 1479 1474 1548 de·
1498 1478 1652 1548 ibrmulis
1681 1487 1858 1571 prioribus
1868 1539 1886 1577 ,.
1914 1495 2006 1562 iuter
2034 1519 2070 1564 aa
2097 1499 2239 1573 collatis.
2284 1511 2395 1580 Licet,

689 1596 782 1664 enim
806 1591 968 1672 terminos
986 1590 1124 1660 eosdem
1153 1593 1359 1661 contineant
1373 1609 1409 1661 et
1437 1615 1481 1659 er
1513 1591 1633 1662 eadem
1658 1593 1843 1686 hypothesi
1865 1608 2063 1696 provenisse
2083 1611 2286 1704 videantur,
2303 1618 2396 1688 litati

691 1707 779 1774 adeo
805 1721 1054 1771 numeratorum
1078 1701 1228 1770 eundem
1253 1705 1469 1792 ostendunt„
1488 1705 1663 1796 disparent
1691 1725 1806 1784 tamen
1828 1715 1960 1790 hebent
1977 1719 2282 1799 denominatorem.
2323 1733 2392 1806 Est

690 1817 749 1885 ille
770 1817 808 1883 in
829 1811 977 1884 formula
997 1810 1042 1886 tl·
1065 1811 1248 1910 August,

1299 1957 1617 2106 143040:
1724 1983 1740 2040 s

693 2151 732 2218 iu
753 2143 899 2216 formula
921 2141 965 2212 ol.
987 2141 1129 2234 sowy„

1703 2390 1912 2577 )(t-e

695 2583 766 2678 qui·
779 2577 990 2652 assidentis?
1002 2594 1138 2662 esseut.
1162 2581 1368 2657 conditionis
1389 2599 1545 2686 aequatio
1565 2618 1723 2692 sequeus.
1738 2603 1819 2674 titt.

1311 2707 1328 2736 ,,

1534 2955 1564 3010 7

699 3045 787 3112 quae
817 3021 958 3111 quidem
979 3026 1031 3091 rei
1058 3041 1200 3092 naturae
1222 3033 1362 3100 omuino
1384 3053 1567 3129 repugnat.
1612 3040 1819 3130 Quid‘ergo
1849 3063 1968 3108 causae
1995 3045 2057 3126 sit,
2085 3067 2146 3111 our
2168 3049 2408 3139 aequatione&-

695 3131 854 3200 sibinen
882 3136 1116 3206 conveniant?
1173 3137 1340 3232 Si⁴pauio
1361 3149 1553 3216 accuratius
1588 3152 1831 3238 investigemus
1862 3169 2042 3244 utramque
2066 3155 2296 3246 hypothesin,
2319 3191 2394 3256 qua

693 3243 858 3314 formulae
882 3247 1102 3335 innituntur,
1126 3257 1285 3342 sequenti
1307 3279 1424 3325 errore
1448 3259 1614 3330 laborare
1629 3264 1766 3332 videtur
1792 3265 2008 3334 ratiocinium
2027 3263 2070 3334 ol.
2091 3267 2228 3358 Iuory.¹
2250 3273 2392 3364 Perspi-

696 3363 829 3428 ouitatis
851 3384 950 3430 eausa
970 3361 1110 3450 literas,
1131 3383 1229 3435 autea
1251 3380 1405 3450 notatas,
1428 3375 1466 3440 in
1488 3399 1587 3442 usum
1610 3401 1786 3445 vocemusr

728 3471 919 3563 ‘Siquidem
940 3484 1001 3541 aii'r
1019 3501 1087 3544 uns
1113 3501 1190 3546 eum
1207 3501 1334 3568 vapore
1351 3481 1605 3574 hygrometrioo
1621 3491 1870 3578 refrigeratur,
1890 3493 2073 3580 augebitur
2094 3495 2273 3591 utriusque
2293 3495 2393 3570 den-

695 3583 786 3652 sitas.
832 3589 920 3653 Cum
945 3611 1025 3655 vero
1047 3591 1192 3658 eandem
1221 3595 1368 3662 subeant
1395 3602 1799 3684 contractionem,.ratio
1827 3607 1919 3670 inter
1947 3630 2065 3674 eorum
2088 3608 2292 3679 densitatem
2319 3636 2393 3680 non

694 3697 894 3765 mutabitur.
938 3701 1082 3790 vaporis
1099 3705 1213 3772 tensio
1226 3707 1412 3788 mansites,
1436 3715 1526 3776 aeris
1547 3713 1567 3776 h
1584 3747 1630 3766 -
1647 3740 1692 3788 se.
1716 3716 1895 3796 utriusque
1916 3699 2145 3796 temperatura
2167 3719 2256 3784 freta
2273 3739 2325 3788 est
2343 3727 2398 3792 ε’..

694 3813 808 3880 Novus
831 3830 944 3882 autem
972 3838 1078 3904 vapor
1099 3821 1170 3885 aeri
1198 3818 1342 3886 aceedit.
1386 3818 1461 3882 Jam
1488 3821 1593 3902 igitur
1618 3820 1800 3910 proportio
1821 3819 1913 3882 iuter
1943 3828 2055 3886 aerem
2080 3839 2115 3888 et
2135 3847 2295 3916 vaporem
2315 3859 2395 3904 uon

696 3947 732 3990 ea
751 3925 818 3992 erit
843 3948 882 3992 ae
903 3925 931 3993 si
957 3951 1062 3999 uetus
1084 3954 1192 4021 vapor
1217 3931 1469 4024 bygrometrioo
1495 3928 1699 4021 simpliciter
1731 3926 1850 3996 suisset
1878 3929 2035 4016 additus,
2058 3959 2276 4028 nequaquam
2305 3967 2397 4014 vero

695 4055 855 4105 mutasset
878 4040 966 4105 a'e‘ris
989 4037 1203 4109 densitatem.
1248 4043 1343 4110 Haec
1364 4047 1455 4110 euim
1480 4069 1543 4134 per
1566 4043 1663 4112 illum
1696 4045 1876 4110 minuitur.
1918 4047 2016 4114 Novo
2038 4046 2115 4114 soil.
2147 4075 2272 4141 vapore
2299 4065 2397 4126 aeris

695 4149 914 4216 siastioitusa
936 4151 1013 4217 h·
1026 4179 1049 4220 s
1073 4156 1117 4219 ad
1140 4157 1220 4222 b-
1241 4153 1488 4238 e“deseendit‚
1508 4172 1630 4246 estque
1655 4155 1804 4224 densitas
1825 4157 1863 4222 in
1881 4159 2012 4226 ratione
2030 4159 2250 4230 ei'astieitatis.
2295 4165 2397 4236 Hine

695 4265 871 4350 sequitur.
888 4283 1072 4352 vaporem,
1090 4268 1149 4356 qui
1170 4267 1358 4346 formatur,
1378 4267 1576 4334 addendum
1600 4293 1670 4336 esse
1690 4271 1783 4353 aeri,
1806 4271 1902 4354 eujus
1920 4267 2100 4337 eiasticitae
2119 4295 2190 4340 non
2207 4289 2258 4340 est
2275 4275 2354 4340 h-
2371 4309 2398 4350 x

697 4377 757 4439 ted
785 4377 865 4444 ὀ·-
883 4375 918 4440 ο’·
937 4390 972 4440 et
993 4391 1220 4465 temperatura
1240 4379 1281 4444 t'.
1324 4381 1375 4448 Ut
1393 4381 1496 4466 igitur
1520 4383 1687 4467 judicium
1707 4381 1838 4448 seratur
1857 4380 1901 4447 de
1919 4383 2051 4447 ratione
2069 4383 2267 4450 interseris
2289 4386 2393 4456 den-

697 4484 894 4551 sitatem'et
929 4508 1092 4554 summam
1121 4485 1326 4557 densitatum
1357 4495 1489 4586 vaporis
1517 4495 1767 4586 hygrometriei·
1797 4495 1945 4584 novique
1972 4494 2125 4571 iormati,
2161 4519 2247 4590 quae
2283 4509 2397 4591 possit

694 4618 840 4682 aequare
869 4597 1039 4667 rationem
1068 4600 1161 4665 iuter
1188 4605 1297 4666 airum
1321 4620 1355 4668 et
1384 4629 1568 4696 vaporem,
1601 4605 1717 4698 quales
1742 4606 2039 4695 psychrometrum
2059 4607 2292 4696 circumdant,
2316 4639 2392 4702 pa·

699 4725 768 4788 tet,
796 4729 866 4772 esse
893 4715 1008 4774 aerem
1039 4727 1071 4776 et
1093 4736 1252 4802 vaporem
1275 4719 1560 4804 hygrometrioum
1584 4717 1891 4802 considerandum,
1917 4719 2032 4808 prouti
2052 4735 2130 4809 post
2151 4719 2392 4808 refrigeratio·

696 4843 775 4888 ueut
805 4843 838 4884 se
865 4817 1013 4906 habeut,
1037 4824 1060 4891 i.
1082 4850 1111 4892 e.
1142 4828 1318 4915 utriusque
1345 4847 1573 4920 temperatura
1602 4848 1655 4900 at
1679 4830 1722 4900 ad
1745 4835 1791 4919 1¹„
1807 4833 1894 4900 airis
1921 4827 2118 4902 elasticitata
2149 4855 2167 4900 a
2193 4830 2277 4912 br·-
2294 4860 2317 4902 ³
2340 4841 2392 4908 ad

2371 4959 2395 5024 b
