5202 6268
479 669 804 742 RESPONSIO
839 685 897 738 sn
931 665 1357 762 Qususrtottttts
1391 671 1694 748 PHYSICAM.
1903 697 1946 761 77

140 859 167 890 ⁸
237 861 273 926 in
295 859 400 924 linem
426 852 560 921 tabulas
584 851 698 922 ell'ecit
727 853 897 933 Danieli,
916 854 998 922 exi
1020 852 1187 921 columnia
1214 855 1432 944 compositae.
1478 857 1652 947 Apposuit
1667 857 1765 924 'enim
1782 852 1945 942 gradibus

236 965 552 1048 Fabrenbeitianis,
571 990 597 1066 'a
618 987 699 1034 o-
714 969 778 1055 95,
799 964 1014 1034 elasticitatea
1036 965 1169 1054 saporis
1192 969 1303 1057 aquei.
1350 965 1409 1034 Sic
1429 967 1533 1053 igitur
1554 970 1669 1056 ipsum
1688 983 1860 1057 punctum
1878 990 1942 1035 ro-.

237 1107 317 1153 rans
348 1078 541 1148 immediate
564 1077 778 1146 elasticitates
808 1080 943 1172 vaporis
976 1077 1222 1168 bygrometrici
1253 1077 1450 1146 exhibebat.
1508 1079 1646 1148 Exinde
1679 1103 1761 1149 vcro
1787 1076 1949 1148 ducenda

237 1211 310 1265 crat
331 1193 466 1282 vaporis
489 1188 652 1256 densitas.
697 1189 814 1258 Tertie
837 1189 996 1256 columne
1015 1187 1153 1279 pondus
1173 1187 1348 1259 referebat
1370 1189 1470 1283 pedis
1500 1192 1613 1260 cubici
1645 1193 1802 1282 vsporis,
1825 1205 1947 1280 quartu

238 1305 388 1396 deniqne
411 1303 512 1387 hujus
535 1300 858 1392 dilatationemper
879 1300 1075 1368 celoricum.

280 1417 525 1486 Eleaticitatem
547 1413 680 1501 raperis
699 1413 845 1503 petierat
862 1437 905 1480 ex
931 1413 1112 1481 celebratis
1132 1415 1374 1505 experimentis
1394 1413 1438 1483 cl.
1458 1416 1621 1500 Delton,
1648 1414 1778 1486 colletis
1804 1417 1844 1486 iis
1865 1439 1944 1484 cunr

236 1521 505 1606 recentioribus,
523 1551 541 1590 a
565 1525 635 1592 Ure
657 1525 833 1590 institutis.
872 1526 1055 1593 Ut·autem
1074 1525 1209 1616 pondus
1226 1525 1396 1593 inveniret
1417 1525 1514 1616 pedis
1534 1527 1648 1595 cubici
1670 1531 1828 1618 saporis,
1846 1525 1941 1619 quod

239 1641 320 1708 buic
339 1635 530 1706 clasticitati
557 1653 592 1702 et
614 1652 861 1726 temperaturae
887 1637 1214 1727 aquaeebnllientis
1236 1635 1487 1734 respondebat,
1517 1639 1633 1729 posuit
1659 1646 1829 1709 rationem
1851 1641 1942 1710 inter

238 1775 400 1844 vaporem
416 1749 460 1816 ad
480 1759 559 1816 212⁰
576 1751 614 1816 F
634 1764 670 1815 et
693 1751 735 1818 50
756 1748 840 1838 poll.
863 1748 966 1834 Angl.
988 1772 1059 1817 esse
1085 1750 1129 1816 ad
1151 1773 1277 1840 aquarn
1296 1774 1344 1816 =
1367 1773 1533 1838 rrr7oc,
1550 1751 1689 1840 pondus
1709 1769 1820 1819 autem
1840 1751 1943 1840 pedis

238 1865 349 1932 cubici
370 1883 498 1953 aquae,
513 1858 557 1923 ad
576 1861 757 1926 marimum
778 1859 976 1938 densitatis,
1002 1883 1044 1927 es
1066 1859 1351 1930 determinatione
1369 1859 1463 1930 doct.
1482 1863 1739 1950 Rise,437272
1759 1883 1810 1946 gr.
1847 1859 1941 1928 Hinc

238 1977 387 2052 invenit,
408 1971 533 2063 pedem
551 1969 713 2034 cubicum
730 1975 884 2061 vaporis,
905 1971 951 2036 ed
971 1969 1114 2038 eandem
1131 1969 1226 2038 illam
1245 1986 1518 2059 temperaturam
1540 1989 1575 2040 et
1597 1972 1829 2060 pressionem,
1844 1992 1940 2060 pon-

237 2087 303 2153 dua
319 2086 445 2150 babere
471 2081 686 2167 257,218gr.
729 2081 849 2168 Quum
867 2103 948 2148 vero
968 2079 1118 2145 densiter
1146 2083 1282 2169 vaporis
1303 2083 1348 2149 sit
1371 2083 1409 2149 in
1433 2082 1566 2150 ratione
1588 2081 1718 2150 directe
1734 2083 1940 2176 pressioris,

235 2195 384 2285 simplici
409 2195 634 2284 proportione
654 2187 778 2254 exinde
808 2187 982 2254 derivatur
1005 2187 1141 2275 pondus
1166 2187 1266 2270 pedis
1289 2191 1403 2256 cubici
1430 2192 1566 2281 vaporis
1591 2215 1657 2284 pro
1681 2194 1798 2284 quasis
1818 2194 1945 2260 clasti-

237 2311 338 2375 citate
360 2306 404 2372 ad
428 2321 694 2395 temperaturam
714 2317 821 2384 aquae
844 2297 1051 2366 ebullientis.
1096 2295 1200 2384 Quod
1225 2311 1265 2364 ut
1290 2294 1336 2362 ad
1364 2295 1518 2365 debitam
1539 2301 1726 2368 reducatur
1758 2321 1936 2394 tempera·

236 2429 371 2494 turem,
395 2433 516 2505 quarta
537 2413 679 2480 inservit
703 2403 879 2482 columna,
898 2431 984 2496 quae
1009 2405 1170 2472 innititur
1191 2405 1265 2492 lege
1287 2405 1345 2474 cll.
1370 2409 1509 2474 Dalion
1536 2424 1571 2476 et
1597 2410 1869 2500 Gay-Lassae,
1889 2412 1933 2478 de

235 2528 441 2616 expansione
463 2521 598 2610 vaporis
624 2534 760 2606 praeter
783 2519 969 2584 maximum
997 2515 1196 2600 densitatis,
1219 2539 1307 2606 quae
1332 2531 1384 2582 est
1406 2537 1452 2578 =
1474 2521 1534 2605 fi,
1555 2541 1621 2606 pro
1651 2519 1790 2604 singulis
1814 2522 1932 2606 gradi·

236 2640 299 2703 bus
319 2635 422 2702 Fahr.
457 2633 506 2698 Ea
526 2651 607 2716 ergo
628 2625 786 2696 columna
804 2629 965 2696 terminos
982 2626 1155 2708 continet,
1171 2641 1383 2714 computatos
1406 2647 1447 2692 ex
1465 2621 1611 2694 lormulu
1638 2634 1783 2713 r÷m(t
1797 2664 1841 2678 -
1856 2633 1934 2715 52),

232 2745 321 2811 eim
343 2742 587 2808 coefficientcm
616 2733 844 2814 dilatatioma,
869 2750 886 2803 t
912 2737 1056 2823 gradum
1087 2734 1402 2804 thermcmctricum
1426 2734 1570 2802 indicet.
1616 2737 1664 2804 Ut
1687 2739 1758 2823 jam
1786 2737 1936 2808 densitas

235 2853 280 2920 ad
309 2849 460 2916 debitam
479 2862 747 2936 temperaturam
776 2843 984 2928 reducetur,
1010 2859 1187 2928 teneatur,
1217 2869 1292 2916 eam
1314 2869 1387 2918 csse
1415 2843 1609 2914 iuratione
1633 2845 1767 2918 inversa
1797 2864 1934 2939 tempe.

233 2979 369 3031 rasurae
400 2958 480 3030 idco
499 2981 546 3026 =
569 2981 586 3026 r
610 2975 647 3038 -ι-
669 2964 700 3042 lt
720 2987 763 3010 -
785 2959 938 3048 brlmtt
962 2973 1000 3042 4-
1026 2959 1088 3030 180
1109 2979 1146 3028 m
1168 2955 1251 3046 (Ἴ.

1014 3185 1049 3271 5·
1091 3201 1145 3268 77·

661 3377 722 3442 De
737 3374 873 3460 primis
895 3373 1149 3462 ceperintentis
1165 3371 1501 3459 psychrometricr's.

266 3567 483 3640 Absolvimus
501 3590 587 3660 quae
603 3582 744 3657 peracte
764 3562 905 3630 luerunt
917 3561 959 3627 ad
979 3561 1213 3630 classicitatem
1227 3575 1264 3627 et
1282 3557 1485 3628 densitatem
1508 3561 1641 3652 vaporis
1665 3562 1927 3654 bygrometrici,
2016 3559 2031 3586 ⁴

228 3684 360 3752 ratione
381 3678 453 3746 sere
475 3677 626 3756 directa,
645 3673 954 3744 determinandum.
972 3671 1047 3739 Janr
1068 3669 1261 3739 accedimus
1281 3669 1325 3737 ud
1344 3692 1384 3736 ee
1403 3667 1618 3752 enarranda,
1644 3695 1733 3762 qnae
1756 3677 1799 3744 ad
1824 3682 1926 3750 indi·

228 3808 354 3859 rectam
374 3783 592 3875 problematis
608 3783 828 3862 solutionem,
844 3808 887 3850 ex
907 3783 1034 3870 frigore
1050 3779 1320 3872 evaporationis,
1342 3777 1441 3846 inere
1463 3793 1603 3846 tentate.
1637 3779 1733 3848 Haec
1753 3807 1864 3855 autem
1880 3793 1924 3857 ab
1958 3779 1961 3786 ¹

226 3903 325 3972 initio
343 3897 426 3966 inde
443 3909 646 3985 repetamus.
669 3893 811 3982 ltaque,
826 3909 1009 3982 antequam
1025 3891 1134 3982 ipsam
1153 3911 1272 3956 eorum
1290 3887 1540 3976 expositionem
1561 3891 1798 3977 aggredimur,
1812 3905 1928 3985 pauci,
1991 3929 1993 3934 ,

225 4010 508 4088 memorabimus,
532 4023 698 4094 quaenam
721 4004 956 4088 experimenta
976 4021 1093 4066 ansam
1119 3997 1283 4064 dederint
1308 3997 1574 4086 psychrometris
1600 3999 1840 4073 conficiendis.

262 4127 308 4200 ,In
336 4121 457 4206 Angli&
486 4111 776 4205 psychrolflelrlae
801 4109 895 4194 origo
926 4105 1125 4199 quaerenda
1158 4123 1220 4174 est.
1273 4107 1423 4174 Hntton
1448 4105 1574 4187 refert,
1608 4111 1800 4198 quomodo,
1832 4141 1923 4187 enno

227 4233 426 4322 jam'1788,
449 4227 537 4296 a'e‘ris
564 4219 804 4290 humiditatem
820 4218 1015 4311 exploraret
1031 4243 1094 4311 per
1114 4215 1397 4286 thermo'metrum
1423 4214 1610 4286 msdidum.
1656 4219 1730 4288 lloc
1749 4226 1840 4296 enim
1862 4231 1921 4296 in-

226 4363 474 4421 strumentum,
496 4331 637 4402 intubo
660 4329 788 4412 vitreo,
810 4331 996 4399 hermetice
1014 4329 1129 4399 clauso
1154 4329 1378 4410 collocatum,
1399 4351 1440 4394 ea
1458 4330 1628 4420 positione
1648 4337 1828 4418 servabat,
1852 4363 1919 4430 qn,

227 4458 354 4544 optime
385 4447 638 4540 atmospbeerae
667 4443 861 4534 acquireret
893 4457 1167 4534 temperaturam.
1218 4443 1306 4508 Dein
1334 4441 1672 4527 immergebatillud
1699 4445 1736 4508 in
1767 4447 1921 4535 exigam

228 4585 336 4655 aquae
355 4565 594 4652 quantitatem,
618 4575 704 4644 quae
720 4551 801 4618 item
825 4553 912 4620 aeris
938 4567 1202 4641 temperaturam
1218 4548 1442 4627 ostendebat,
1467 4567 1609 4650 tamque
1628 4558 1822 4646 crponabn
1839 4587 1940 4632 m„

225 4675 397 4766 perationi
423 4675 461 4739 in
484 4665 741 4757 atmospbuera,
764 4662 839 4730 tubi
868 4665 997 4752 linem,
1020 4687 1089 4758 qno
1116 4663 1351 4734 thermometrs'
1375 4659 1499 4728 bulbus
1523 4649 1794 4750 continebatur,
1820 4694 1923 4746 vento

1849 4811 1918 4879 op-

186 4973 192 4986 ’
253 4965 674 5052 ‘'linteamine-eobo
700 4989 754 5051 pap
784 4977 844 5032 sii.
1110 5035 1189 5108 Η
1237 4978 1242 4988 “
