5216 6270
491 597 816 672 RESPONSIO
863 614 924 668 ars
966 594 1391 690 Quaasrtottnss
1434 601 1744 682 Passienus.
1932 615 1975 707 55⁷

310 788 352 856 ln
378 809 443 878 qna
446 781 581 850 tabula
601 779 713 870 prima
731 781 840 848 series
863 779 996 848 indicat
1018 803 1198 886 numerum
1233 757 1493 865 exhaustiooum
1522 808 1585 893 per
1607 805 1740 857 octavas
1760 805 1894 878 partes,
1918 793 1973 860 al-

270 921 342 968 tera
362 895 581 964 altitudinem
603 891 820 962 barometri
810 919 847 960 ιιι
865 894 939 985 ipsa
956 881 1146 984 campana,
1169 897 1270 964 tertia
1292 883 1395 984 hujus
1425 881 1630 1003 deplelionis
1656 899 1844 970 ellectum'
1834 927 1871 970 ιιι
1894 887 1963 994 by-

266 1025 470 1103 gr'ometunm
489 1027 568 1100 post
587 999 744 1098 singulas
754 1011 982 1102 operationes.
993 1009 1101 1091 lta,
1123 1023 1163 1110 ιιι
1187 1009 1344 1098 exemplo
1371 1029 1425 1077 res
1445 1023 1585 1098 pateat,
1608 1009 1738 1098 quod
1723 1013 1828 1081 unitio
1857 1033 1961 1084 nota·

263 1143 358 1195 serat
374 1127 510 1215 97057,
532 1121 786 1214 lsygsometrum
811 1139 890 1211 post
915 1123 1060 1212 primam
1089 1104 1326 1214 operationem
1352 1145 1422 1189 non
1449 1121 1516 1188 isisi
1534 1135 1592 1212 92⁰
1607 1126 1648 1193 62
1671 1125 1846 1206 notabat.
1848 1143 1892 1195 st
1914 1129 1962 1200 sic

261 1259 389 1335 porse,
406 1234 518 1303 donec
548 1234 707 1317 tandem,
731 1235 831 1302 finito
852 1235 1111 1322 experimento,
1133 1234 1337 1304 consisteret
1362 1233 1406 1300 ad
1430 1239 1503 1324 29⁰,
1517 1239 1571 1324 57.
1966 1332 1972 1342 ἱ

305 1347 435 1419 Similia
457 1349 690 1438 experimenta
713 1347 864 1414 instituit
881 1347 918 1412 in
943 1370 1049 1414 rscno
1072 1345 1340 1429 Torricelliano,
1354 1346 1511 1435 viditque
1537 1363 1755 1426 constanter,
1777 1348 1964 1441 hygrome·

263 1477 355 1528 trum
380 1461 418 1528 in
441 1470 522 1528 alise
549 1463 719 1530 rarefacto
742 1461 887 1530 tendere
904 1461 946 1528 ad
966 1461 1182 1550 siccitatem,¹
1193 1461 1229 1526 ιιι
1259 1457 1467 1528 condensato
1494 1457 1537 1524 ad
1559 1458 1810 1527 humiditatem

304 1573 430 1664 Qnoed
458 1573 715 1657 conclusiones,
739 1596 823 1663 ques
843 1597 886 1640 ex
908 1573 962 1641 his
984 1573 1351 1669 experimentisducit
1376 1570 1426 1638 ill.
1448 1587 1588 1656 auctor,
1612 1571 1682 1660 huc
1710 1572 1783 1664 serp
1801 1571 1968 1673 redeunt.l

204 1759 209 1768 ,
262 1685 444 1778 Siquidem
466 1686 554 1752 aeris
578 1683 719 1752 effectus
745 1685 861 1754 nullus
896 1703 1010 1771 esset,
1033 1711 1110 1754 cum
1134 1689 1209 1775 ipsa
1233 1682 1458 1750 rarefactione
1493 1684 1567 1772 pari
1593 1695 1706 1772 passu
1734 1676 1963 1774 progredien-

262 1797 346 1864 dum
367 1795 486 1864 fuisset
508 1799 734 1888 Hygrometro
752 1821 868 1868 versus
890 1799 1104 1877 siccitatem,
1126 1798 1174 1866 ita
1195 1793 1337 1887 quidem
1361 1809 1399 1858 ut
1421 1815 1566 1860 vacuum
1595 1793 1791 1863 absolutum
1813 1819 1964 1885 respon·

263 1910 364 1979 deret
392 1909 550 1993 siccitativ
567 1907 750 1978 absolutae.
793 1911 1038 2000 Experimento
1070 1923 1184 1977 autem
1207 1907 1365 1975 instituta
1395 1902 1571 1988 docuere,
1593 1905 1830 1974 exsiccatiouis
1854 1906 1962 1976 effec-

263 2039 335 2089 tum
362 2023 583 2091 rarefactioni
602 2019 704 2108 longe
725 2018 869 2105 cedere,
892 2025 940 2088 ita
964 2041 1003 2090 ut
1022 2023 1087 2089 sub
1124 2029 1204 2088 aere
1225 2019 1423 2103 rarissimo,
1443 2012 1602 2086 omnibns
1627 2015 1712 2084 licet
1738 2019 1877 2087 cautelis
1897 2019 1959 2087 iu·

262 2135 415 2216 stitutis,
436 2155 571 2232 semper
589 2147 703 2199 tamen
723 2137 780 2231 9ξο
802 2131 972 2196 indicaret
992 2133 1262 2226 bygrometrum.

303 2241 464 2334 Explicat
498 2243 565 2308 hoe
584 2215 865 2334 phaenomenon
887 2263 928 2306 ex
957 2237 1170 2306 attractionis
1198 2233 1341 2324 legibus.
1386 2223 1745 2331 Scrl.aequ1hbrium
1774 2215 1960 2336 hygrorire·

260 2346 386 2426 tritum
402 2379 444 2422 ex
463 2359 538 2442 ejus
556 2357 725 2421 sententia
742 2353 857 2416 existit
875 2353 968 2420 inter
987 2347 1106 2438 capilli
1126 2367 1229 2442 atque
1251 2353 1340 2418 aeris
1358 2353 1588 2418 affinitatem·
1577 2377 1614 2418 ιιι
1633 2375 1817 2448 vaporem
1842 2351 1958 2446 quod·

249 2473 288 2539 -si
302 2494 385 2540 sero
407 2475 466 2538 adr
492 2465 657 2538 rarescit,
682 2465 881 2531 affinitatem
905 2465 1073 2530 minorem
1091 2459 1315 2528 exercebitin
1335 2488 1518 2556 vaporem,
1543 2489 1649 2553 quum
1673 2467 1832 2533 attractio
1855 2467 1957 2534 sitin

259 2586 391 2659 radone
418 2602 556 2652 massae.
600 2574 723 2644 Hiuc'
713 2577 818 2662 igitur
837 2575 980 2642 affinitas
1001 2575 1247 2664 bygroscopica
1273 2573 1412 2662 capilli,
1444 2573 1489 2639 ob
1516 2575 1685 2642 minorem
1711 2577 1957 2662 resistentiam,
2017 2567 2027 2588 ’

257 2697 379 2780 majori
400 2695 544 2779 vingit,
565 2686 714 2780 ideoque
735 2685 991 2778 bygrometrum
1014 2687 1170 2756 altiorem
1190 2688 1373 2804 occupabit
1394 2687 1560 2775 gradum,
1583 2711 1686 2778 quam
1711 2689 1852 2781 quidem
1872 2711 1959 2784 pos·
1961 2731 1965 2740 ·

261 2807 346 2874 tulet
369 2809 504 2898 vaporis
531 2802 719 2896 quantitas.

298 2917 403 3007 Quod
425 2933 538 2984 autem
564 2913 750 2982 attinetad
783 2885 984 2982 continuum
1017 2915 1259 2986 exsiccationis
1281 2877 1532 2984 incrementum
1565 2933 1641 2982 cum
1675 2909 1748 3005 ipsa
1769 2881 1964 3006 campanae

252 3031 495 3112 evacuatione,
524 3030 572 3094 ita
593 3043 634 3093 ut
663 3045 757 3094 sexta
784 3027 938 3120 operatio
972 3029 1131 3098 effectum
1166 3028 1274 3123 duplo
1302 3031 1465 3116 majorem
1490 3052 1594 3122 quam
1620 3029 1733 3116 prima
1759 3030 1957 3120 producut,

250 3161 452 3236 sequentem
473 3143 574 3227 huius
601 3145 651 3210 rei
677 3146 844 3212 rationem
868 3147 1020 3215 exbibet.
1066 3143 1216 3231 Singulis
1248 3143 1506 3236 operationibus
1526 3139 1651 3229 eadem
1681 3141 1818 3230 vaporis
1840 3163 1955 3234 quan·

232 3259 329 3356 'titas
364 3256 591 3334 exhauritur,
623 3255 707 3323 baec
741 3262 917 3356 autemjp
951 3249 1063 3348 prime
1097 3275 1250 3325 octavam
1286 3259 1395 3324 omnis
1425 3258 1560 3350 vaporis
1593 3270 1749 3342 partem,
1779 3255 1816 3320 in
1849 3255 1959 3322 alters

249 3369 427 3456 septimam
458 3367 671 3458 superstitis,
701 3367 736 3432 in
768 3373 869 3436 tertia
900 3389 1029 3439 sestam
1062 3388 1097 3436 et
1128 3370 1178 3434 sic
1204 3391 1330 3454 porro,
1352 3367 1471 3433 elficit.
1517 3367 1608 3450 Ergo
1632 3380 1747 3454 partes
1780 3363 1950 3456 aliquotae

252 3483 390 3572 vaporis
419 3480 580 3546 continue
600 3480 745 3562 majores
766 3479 1033 3558 exhauriuntur,
1057 3475 1151 3545 unde
1174 3481 1349 3569 sequitur,
1369 3475 1653 3556 exsiccationem,
1674 3497 1715 3540 ex
1737 3472 1956 3543 c'ausaallata

253 3596 404 3690 primum
425 3591 652 3658 rar-esaetione
674 3591 864 3674 minorem,
887 3594 992 3678 magis
1020 3593 1194 3684 magisque
1226 3612 1292 3680 pro
1321 3588 1462 3674 singulis
1490 3585 1688 3690 intervallis·
1703 3587 1909 3656 increscere.

294 3705 343 3770 Ut
360 3728 440 3769 vero
464 3703 571 3785 legem
587 3701 671 3766 hinc
689 3700 815 3786 ducat,
839 3729 907 3796 que
936 3703 1080 3794 capillus
1108 3720 1265 3770 movetur
1284 3724 1349 3793 pro
1366 3697 1571 3790 aequalibus
1584 3699 1637 3765 his
1663 3699 1798 3786 uaporis
1821 3697 1953 3792 deper-

251 3811 462 3896 ditionibns,
484 3811 624 3880 exbibet
642 3811 815 3898 regulam,
841 3837 945 3906 quam
963 3818 1122 3908 sequenti
1140 3813 1288 3882 formula
1311 3811 1463 3902 generali
1485 3835 1659 3904 exponere
1690 3808 1906 3880 tentavimus.
1946 3811 1954 3849 ²

296 3929 335 3996 Si
359 3926 616 4015 bygrometrum
648 3948 672 3989 n
700 3925 825 4010 gradum
853 3945 949 3995 notet
969 3946 1005 3996 et
1031 3953 1094 4020 per
1122 3941 1186 3995 m⁶¹
1218 3943 1334 4016 partes
1363 3924 1584 3992 exhauriatur
1614 3932 1699 4009 air,
1726 3939 1831 3989 erunt
1864 3946 1952 4009 gran

251 4039 340 4120 dus.
371 4053 450 4128 post
475 4036 627 4126 quamvis
651 4058 834 4130 campanae
861 4037 1095 4130 depletionem
1120 4036 1335 4126 superstitem
