5216 6270
666 609 719 678 -68
887 597 1219 674 ALEXANDRI
1264 599 1481 670 cauom
1525 602 1838 678 GUlblELlll
1882 607 2155 686 strumae

678 801 889 877 pomata-um
928 781 1164 850 demonstrsre
1194 793 1372 862 tentaret,
1409 803 1608 869 repugnant
1649 810 1688 858 ea
1720 789 1856 879 saporis
1891 789 2048 880 legibus,
2085 819 2169 886 quas
2203 809 2380 879 recentio-

680 911 737 964 ’Μ
763 895 983 962 detexerunt.
1033 893 1179 960 Putabat
1212 891 1376 958 nimirum
1404 891 1448 958 de
1480 893 1686 983 Sauum,
1717 911 1796 970 οὔτε
1822 903 1961 971 dissolvi
1995 929 2137 995 vapores
2168 914 2203 978 vi
2230 920 2385 988 gffiniw

684 1009 746 1090 tiss
782 1005 846 1072 bac
872 1021 986 1074 autem
1020 1031 1085 1100 per
1119 1006 1208 1074 airis
1242 1007 1419 1074 raritatem
1446 1001 1646 1088 imminuta,
1683 1011 1822 1081 relative
1858 1015 2058 1084 affinitatem
2091 1019 2381 1112 bygrometm'cam

684 1123 811 1210 nugari.
854 1121 986 1190 Verum
1017 1125 1096 1191 eatis
1130 1121 1412 1192 demonstrarunt
1442 1121 1598 1190 Deleant
1629 1126 1885 1216 experimenta,
1914 1129 1951 1195 in
1982 1142 2065 1198 aere
2090 1132 2248 1206 densiore
2275 1167 2383 1234 aequa

681 1259 725 1304 ac
748 1237 962 1314 inrariore,
985 1238 1069 1326 quin
1102 1237 1139 1306 in
1168 1259 1300 1314 saeuo.
1323 1231 1468 1302 eandem
1499 1255 1570 1301 esse
1601 1259 1667 1327 pro
1694 1236 1813 1305 eadem
1841 1255 2073 1330 temperatura
2098 1251 2234 1340 saporis
2257 1253 2377 1324 densi.

684 1365 790 1418 tatem
813 1367 918 1440 atque
945 1351 1185 1440 proprietates.
1231 1349 1322 1416 Hinc
1341 1348 1447 1433 igitur
1466 1343 1641 1433 sequitur,
1665 1350 1755 1416 adria
1783 1355 2036 1424 evacuationem
2062 1381 2133 1426 non
2152 1385 2231 1430 eum
2251 1365 2381 1436 habet-a

681 1484 782 1551 posse
806 1459 987 1546 ellectum,
1017 1487 1120 1552 quem
1143 1461 1175 1528 ei
1207 1459 1373 1528 adscribit
1406 1459 1451 1528 tle
1483 1457 1677 1528 Saussure.
1731 1461 1826 1551 Quid
1857 1465 1984 1550 igitur?
2028 1471 2118 1538 Num
2144 1478 2378 1568 experimenta

681 1574 769 1640 tanti
791 1571 1017 1642 observatoris
1043 1573 1165 1640 lictitia
1187 1589 1246 1641 aut
1271 1597 1340 1642 non
1360 1585 1524 1638 ‘accurata
1544 1570 1725 1642 dicamus?
1748 1609 1791 1628 —
1812 1578 1957 1647 Minime
1979 1605 2070 1652 verta
2115 1585 2163 1653 At
2183 1590 2378 1662 immediate

680 1709 721 1752 ex
751 1685 818 1752 illis
849 1685 906 1752 lex
936 1686 1091 1775 exposite
1114 1686 1282 1776 sequitur.
1327 1687 1459 1758 Verum
1490 1682 1616 1775 triplex
1634 1710 1705 1754 esee
1729 1711 1831 1756 causa
1850 1691 2009 1776 videtur,
2032 1720 2098 1784 qua
2119 1699 2374 1790 bygrometmm

680 1798 838 1866 altiorem
866 1799 1018 1867 retinere
1039 1797 1185 1886 gradum
1204 1797 1340 1888 potuit,
1363 1817 1468 1887 quam
1491 1794 1689 1885 debuisset,
1711 1803 1740 1870 si
1760 1801 1916 1894 aequales
1939 1829 2104 1896 raporum
2124 1827 2238 1902 partes
2253 1833 2374 1884 extra.

677 1911 857 1982 berentur.

722 2047 753 2093 s·
775 2027 868 2092 enim
893 2025 968 2116 ipse
999 2021 1142 2114 capillus
1168 2046 1239 2112 qno
1257 2020 1402 2112 propius
1423 2043 1541 2088 versus
1566 2023 1758 2094 siccitatem
1778 2027 1941 2113 accedat,
1962 2052 2004 2100 eo
2020 2036 2185 2120 majorem
2204 2037 2374 2124 graduum

668 2159 859 2228 numerum
880 2141 1057 2227 percurrit
1078 2159 1144 2228 pro
1164 2136 1284 2206 eadem
1306 2132 1471 2220 vaporum
1493 2137 1685 2221 quantitate
1708 2138 1876 2210 deaumta.

717 2249 1076 2319 s.'1'bermometrum
1109 2271 1181 2315 non
1210 2243 1403 2312 observavit
1432 2242 1471 2314 in
1494 2267 1663 2340 campana
1694 2273 1756 2318 sua
1786 2251 1830 2320 de
1868 2254 2076 2334 Sonuere,-
2111 2275 2229 2326 notum
2261 2277 2374 2332 autem

664 2377 743 2446 ast,
765 2363 860 2456 quod
885 2367 923 2432 in
946 2371 1027 2430 ae‘re
1048 2359 1222 2428 rarefacto
1241 2357 1412 2427 decrescit
1433 2355 1537 2428 calor·
1579 2359 1761 2448 sicigitur
1785 2387 1849 2454 par
1874 2363 2011 2452 luigoris
2031 2366 2191 2438 effectum
2211 2369 2369 2444 altiorem

662 2477 819 2567 agredum
841 2499 1015 2565 occupare
1038 2475 1162 2542 debuit
1184 2475 1460 2562 Hygromatrnm.

711 2595 744 2660 5.
768 2591 870 2661 Vitro
904 2587 1068 2654 adhaeret
1102 2589 1140 2652 in
1168 2584 1260 2655 omni
1285 2591 1386 2662 abre.
1417 2584 1582 2677 inprimis
1604 2603 1716 2654 antem
1741 2587 1780 2654 in
1805 2587 1969 2666 humido,
2005 2602 2107 2658 tenne
2134 2599 2273 2685 vaporis
2308 2613 2368 2667 aut

665 2725 777 2794 aque
799 2716 971 2780 atratum,
995 2699 1091 2793 qnod
1113 2703 1169 2770 vix
1193 2702 1304 2768 abeo
1329 2715 1533 2790 separatur,
1555 2700 1617 2768 obi
1641 2697 1741 2768 solita
1760 2717 1879 2770 menet
1895 2701 1988 2768 at'ris
2006 2707 2140 2772 externi
2158 2711 2289 2798 prestio
2301 2735 2315 2798 3
2343 2713 2372 2778 si

664 2837 748 2888 sere
768 2835 885 2885 sersus
912 2837 1056 2886 vacuum
1082 2812 1226 2898 nudat,
1245 2830 1370 2903 sponte
1395 2814 1433 2880 in
1462 2835 1606 2904 sapores
1633 2813 1733 2882 abire
1770 2812 1892 2881 debuit
1917 2829 1953 2882 et
1976 2813 2028 2882 sic
2051 2815 2088 2882 in
2115 2817 2371 2906 lypomannus

669 2952 789 3018 agere.
814 2926 897 2994 licet
928 2925 1101 3017 quantitas
1127 2925 1229 2991 nimis
1253 2927 1298 2992 sit
1319 2927 1460 3013 exigua,
1481 2953 1583 3018 quam
1604 2947 1642 2998 ttt
1665 2953 1874 3019 magnopere
1900 2932 1937 2996 in
1958 2949 2207 3002 menometruos
2238 2953 2324 3024 agat.

706 3043 783 3111 -Hae
806 3041 911 3129 igitur
939 3060 1057 3106 causae
1084 3037 1240 3106 sufficere
1266 3036 1353 3104 mibi
1378 3036 1543 3106 ridentur
1564 3057 1601 3109 ut
1624 3039 1765 3110 effectus
1796 3041 1857 3109 ille
1891 3044 1928 3108 in
1965 3042 2220 3130 bygrometrum
2250 3031 2369 3139 expli-4

664 3171 773 3224 cetur.

709 3264 912 3335 Generatim
937 3261 1113 3354 disputata
1137 3262 1182 3330 de
1200 3261 1441 3352 experimentis
1461 3263 1508 3331 el.
1528 3265 1573 3332 de
1592 3265 1778 3333 &nesure
1799 3263 1915 3336 ualent
1935 3263 2038 3332 etism
2059 3263 2103 3330 de
2122 3270 2368 3358 experimentis

665 3379 710 3449 cl.
732 3380 775 3446 de
796 3379 877 3446 Luc
884 3405 902 3458 ς
925 3378 1032 3446 etsie
1062 3400 1150 3467 quae
1179 3375 1225 3442 de
1245 3374 1473 3468 ponderandi'
1488 3377 1657 3466 methodo
1674 3365 1709 3446 in
1736 3401 1853 3448 cocum
1882 3377 2130 3464 dijudicatione
2152 3382 2190 3446 in
2214 3381 2366 3453 medium

662 3491 813 3584 protuli,
839 3492 942 3559 etiam
972 3492 1016 3559 de
1040 3490 1094 3556 his
1115 3489 1210 3556 dieta
1237 3505 1352 3554 sunto.
1393 3489 1580 3558 Methodus
1604 3507 1740 3576 autem,
1772 3515 1839 3581 qua
1860 3515 1985 3582 aquam
2001 3493 2038 3557 in
2063 3491 2187 3560 vitreos
2209 3493 2365 3580 globulos

663 3603 853 3692 disposuit,
867 3604 991 3690 pannis
1013 3601 1160 3669 madidis
1181 3597 1409 3691 praeferenda
1431 3593 1590 3684 sideria,
1613 3625 1721 3692 quum
1742 3625 1804 3690 per
1827 3625 1900 3669 eam
1921 3625 2029 3694 aquae
2053 3602 2224 3693 quantitas
2242 3601 2364 3674 melios

664 3712 935 3796 determinetur,
956 3739 1070 3808 neque
1091 3739 1180 3807 opus
1202 3714 1267 3794 sit,
1287 3713 1369 3808 plns
1389 3710 1494 3780 semel
1516 3728 1720 3802 apparatum
1742 3734 1906 3778 reamare.

702 3825 886 3894 Caeterum
908 3829 1073 3914 summas,
1105 3829 1158 3898 uti
1188 3831 1399 3899 monuimus,
1432 3823 1551 3891 laudes
1577 3837 1731 3888 meretur
1763 3821 1825 3888 Da
1850 3819 1955 3902 Luc,
1987 3819 2083 3910 quod
2108 3821 2362 3897 demonstraret

658 3937 1053 4030 bygrometrigrsdum,
1081 3938 1224 4011 caeteris
1249 3939 1413 4036 paribus,
1436 3934 1672 4032 qudicnnqns
1700 3934 1791 4002 adria
1822 3933 2050 4004 rarefactione
2074 3951 2133 4004 auat
2161 3937 2361 4012 condensa·

658 4051 749 4122 tione
761 4073 842 4122 utun
862 4053 1049 4123 meatui.

1438 4217 1471 4302 ς.
1515 4213 1574 4282 58.

723 4373 965 4466 ntjuatcasto
990 4367 1125 4442 loboris
1154 4311 1420 4460 bygsrseetrs'st'
1453 4369 1521 4441 011.
1539 4370 1616 4460 ,Du
1646 4371 1790 4460 Lens.
1810 4368 2138 4460 ¹dier-lanatae.
2170 4370 2294 4457 Birt,

1326 4495 1441 4576 aquas
1467 4483 1678 4558 uastant.

698 4649 751 4718 De
773 4649 1019 4746 asperimontis
1039 4647 1086 4718 ol.
1110 4646 1179 4719 Du
1194 4643 1500 4737 longiaenum
1530 4647 1622 4714 tarra
1644 4643 1701 4713 rix
1729 4663 1891 4738 passm,
1923 4667 2030 4737 quum
2053 4641 2098 4712 de
2125 4642 2259 4711 ratione
2285 4665 2357 4735 qna

654 4762 811 4832 instituta
830 4763 945 4845 luera,
961 4761 1052 4832 nihil
1073 4777 1275 4832 annotatum
1300 4761 1485 4832 insoniam.
1525 4759 1668 4850 Neque,
1692 4756 1771 4851 ipso
1791 4771 1956 4826 monente
1978 4755 2085 4836 Biot,
2106 4777 2175 4848 pro
2192 4754 2358 4824 abscinde
2485 4825 2488 4833 ,

653 4877 776 4947 baberi
795 4889 955 4972 possunt,
978 4897 1085 4968 quum
1106 4872 1250 4944 alterum
1277 4875 1386 4968 scalae
1412 4889 1581 4970 punctum
1609 4875 1716 4942 lixum
1739 4871 1965 4963 elongationis
1987 4873 2139 4940 maximo
2166 4893 2236 4938 nen
2263 4893 2353 4939 con·

654 4995 800 5078 territet.
843 4993 965 5080 Neque
992 4991 1094 5059 etiam
1120 4987 1164 5055 ud
1189 4987 1295 5058 linem
1315 4987 1514 5080 perducta,
1535 4987 1594 5057 sed
1621 4983 1795 5060 media‘in
1823 5009 1930 5080 opera
1956 4983 2101 5075 abrupta
2127 4983 2234 5051 luere.
2283 4983 2352 5050 tlt·

2296 5109 2352 5159 tn·
