5202 6268
486 471 810 548 nassonem
847 490 906 544 nn
942 471 1367 568 Quaesrronau
1400 482 1705 564 rnrsrcan.

1894 528 1944 601 st

248 665 368 736 mad
400 657 726 752 psychrometriam‚
758 667 815 739 st,
842 677 886 723 ex
910 655 1032 725 ordine
1060 673 1201 740 nostro.
1230 664 1381 753 primum
1399 664 1657 758 instrmne'nta,
1679 675 1762 744 dein
1787 679 1938 756 theoriae

237 771 492 842 consideranda
529 783 620 874 sunt.
676 767 850 836 Gentiano
884 786 998 840 antem
1025 770 1076 838 ad
1112 793 1230 844 eorum
1257 797 1398 845 examen
1432 780 1654 864 accedemus,
1684 791 1934 876 praetermissis

239 885 492 975 antiquioribus
523 880 589 947 hac
622 879 665 947 de
699 902 739 946 re
770 881 1048 970 superinentis
1043 883 1128 952 ·.eell
1157 887 1305 960 Hutton
1325 909 1364 958 et
1385 893 1528 981 lesdis,
1563 919 1670 988 quam
1699 903 1792 990 ipsa.
1825 931 1930 996 quam

240 1005 478 1102 exposuimus,
507 999 799 1094 psychrometriae
825 1000 967 1074 historia
997 1005 1079 1076 sutis
1113 1023 1287 1096 superque
1323 999 1502 1090 docuerit,
1532 1031 1636 1098 quam
1663 1012 1866 1100 imperfecta
1892 1045 1931 1089 ea

234 1118 310 1190 sint
337 1115 509 1182 habenda.

273 1226 462 1322 'Siquidem
489 1226 593 1316 psnlo
619 1227 811 1294 accuratius
834 1231 1094 1324 psychrometra
1118 1231 1334 1330 conferamus
1356 1251 1434 1296 cum
1455 1229 1562 1318 ipsis,
1585 1253 1669 1320 quas
1693 1236 1836 1326 explere
1861 1241 1930 1309 da·

237 1343 342 1423 bont,
365 1337 642 1420 conditionibus,
665 1337 709 1404 sd
732 1357 916 1430 sequentes
939 1343 1054 1414 titulos
1076 1342 1271 1410 reducimus
1293 1321 1412 1407 eorum
1432 1337 1740 1423 dijudicationem
1824 1421 1832 1437 ‚

283 1479 312 1522 1.
336 1451 461 1540 Quoad
483 1451 658 1518 relativam
682 1471 790 1552 aquae
815 1469 850 1518 et
872 1453 1105 1523 thermometri
1128 1454 1355 1544 positionems
1377 1471 1497 1518 revera
1527 1449 1727 1539 exploratur
1750 1469 1927 1546 tempera·

231 1583 315 1632 tura
335 1564 458 1640 strati,-
471 1563 567 1632 unde
588 1545 782 1630 immediate
801 1579 990 1652 exsurgunt
1010 1588 1174 1656 vapores,
1200 1588 1229 1632 ιι
1218 1563 1408 1640 'linteum
1431 1559 1527 1650 quod
1552 1561 1883 1634 thermomctrum
1852 1593 1927 1636 ctr-

235 1677 395 1762 uumdst,
418 1697 543 1767 aquam
570 1677 618 1743 ita
639 1675 805 1759 retineat,
835 1692 875 1744 ut
897 1676 1077 1744 madidam
1097 1674 1240 1742 omnino
1259 1672 1406 1739 bulbum
1425 1671 1574 1748 reddat,
1606 1673 1721 1741 nullm
1742 1697 1825 1744 vero
1846 1697 1928 1764 gut-

236 1807 293 1857 tae
323 1803 542 1882 appareant·
567 1789 694 1875 Quum
702 1801 879 1876 praeterea
903 1787 969 1855 hae
995 1790 1130 1854 ratione
1156 1785 1285 1855 bulbus
1308 1784 1353 1850 ab
1370 1783 1467 1851 omni
1483 1797 1581 1876 parte
1599 1783 1755 1872 cingetur
1776 1790 1931 1878 superfi-

239 1904 311 1986 cie,
343 1916 483 1996 vapores
508 1903 708 1984 emittente,
735 1899 913 1988 sequitur-3
935 1899 1066 1988 optime
1098 1901 1147 1965 ita
1175 1895 1333 1964 satisfieri
1361 1892 1572 1975 conditioni,
1595 1895 1661 1962 hae
1688 1893 1733 1962 de
1761 1921 1800 1966 re
1824 1923 1932 1992 prae·

233 2015 393 2104 scriptae.
439 2015 568 2080 Contra
587 2021 669 2080 v'ers
693 2007 805 2074 ninus
833 2008 1018 2092 contenit,
1034 2010 1069 2073 ei
1089 2029 1180 2097 aqua
1205 2023 1367 2076 concreta
1383 2007 1476 2096 parti
1499 2004 1605 2074 modo
1627 2005 1726 2074 hubi
1747 2013 1927 2100 apprima-

234 2115 1932 2214 sur.Laudandiergosuns‚has'snsassa,Leslie‚B1acaddsrcsAuguu,··damnandus

229 2251 349 2304 antem
366 2225 419 2302 'est
442 2236 632 2316 Ιὴὶᾶἰιὲι,
656 2233 717 2324 qui
744 2244 780 2297 et
801 2251 907 2318 aquae
937 2247 1080 2296 masssm
1109 2223 1229 2291 debito
1251 2209 1415 2309 maiorem
1430 2227 1665 2317 superationi
1686 2229 1874 2312 subjiceret
1895 2249 1933 2298 st

234 2349 361 2416 minori
380 2347 474 2416 illam
489 2347 682 2442 superficie
703 2339 916 2424 extenderet.
1375 2357 1377 2362 ’

278 2482 311 2525 ι.
333 2459 459 2546 Quoad
478 2461 686 2537 ,concinam
724 2475 832 2541 aquae
858 2456 1136 2523 renotationem
1171 2447 1360 2546 probabilis
1391 2467 1443 2518 est
1469 2453 1671 2534 methodus.
1696 2479 1764 2545 qua
1790 2457 1930 2538 Latiis,

238 2571 468 2639 Bluckadder
490 2584 525 2636 et
546 2571 694 2654 August
721 2563 775 2629 usi
801 2582 903 2649 sunt,
938 2585 978 2635 ut
998 2563 1073 2635 soil.
1103 2587 1268 2660 corpora,
1299 2565 1334 2632 ri
1359 2560 1522 2650 capillari,
1545 2563 1786 2634 humiditatem
1805 2567 1931 2634 absor-

236 2682 376 2762 bentia,
399 2660 521 2769 dquam
542 2698 584 2762 ex
603 2670 823 2764 receptaculo
845 2673 889 2738 ad
909 2675 1055 2744 bulbum
1077 2676 1259 2745 ducerent.
1293 2672 1487 2742 Relatirum
1506 2689 1620 2740 autem
1638 2679 1757 2742 eorum
1777 2699 1931 2765 appara-

236 2811 335 2858 tuum
355 2789 507 2880 pretium
526 2788 637 2853 minus
656 2779 831 2871 dependet
850 2807 872 2849 a
891 2785 1058 2874 physico,
1078 2812 1099 2855 ι
1117 2810 1186 2876 quo
1209 2801 1481 2880 componuntur,
1505 2807 1608 2872 quam
1630 2785 1674 2852 ab
1698 2785 1852 2863 artifice,
1872 2789 1933 2877 qui

239 2925 315 2968 cam
333 2899 615 2988 compositionem
632 2895 785 2987 perficit.
829 2895 1034 2964 Cavendum
1055 2898 1224 2988 imprimis
1244 2913 1315 2982 ιιι,
1337 2919 1381 2964 ne
1399 2895 1477 2985 plus
1497 2918 1606 2984 aquas
1621 2895 1804 2980 adveniet,
1828 2919 1935 2986 quam

237 3012 327 3080 tollit
352 3008 560 3096 evaporatio.
614 3008 845 3097 caeteroquin
880 3007 974 3074 enim
1004 3017 1119 3098 guttae
1153 3011 1313 3076 oriuntur
1349 3013 1386 3076 in
1418 3009 1604 3096 superficie
1635 3007 1797 3089 madida,
1829 3031 1939 3077 massa

239 3145 347 3214 aquas
367 3119 474 3188 nimia
492 3115 612 3186 evadit
634 3134 673 3184 et
701 3117 801 3188 is'oiie
832 3117 993 3184 turbetur
1020 3119 1186 3191 indicatio
1211 3120 1478 3210 psychrometri·
1520 3119 1721 3188 Obseruauit
1747 3137 1859 3187 tamen
1886 3121 1931 3186 el.

239 3231 536 3316 Bonnenssrger,
559 3247 615 3293 ιιι
640 3250 702 3294 nos
727 3231 813 3298 adeo
839 3251 987 3312 nocere,
1010 3233 1039 3300 si
1064 3232 1168 3300 modo
1200 3233 1385 3318 lentissime
1408 3234 1602 3300 formentur
1626 3229 1705 3314 (*).

282 3347 325 3412 in
346 3361 470 3428 genere
498 3361 579 3407 tero
604 3339 708 3404 tutior
727 3355 779 3406 est
800 3336 1004 3419 methodus,
1027 3363 1096 3428 qua
1110 3342 1279 3408 Lis'dicbe
1297 3357 1337 3406 et
1370 3342 1535 3428 deinceps
1559 3339 1714 3428 August
1734 3344 1788 3410 usi
1818 3341 1937 3429 suere,

239 3470 280 3526 nt
306 3451 403 3533 scii,
425 3464 644 3518 removerent
669 3467 805 3516 omnem
832 3461 1037 3535 apparatum
1067 3451 1275 3540 proprium,
1307 3451 1391 3536 sed,
1419 3445 1691 3533 observ'itioueur
1719 3452 1935 3534 institutori,
2075 3433 2092 3500 3·

234 3581 336 3636 antea
359 3561 504 3630 bulbum
532 3558 708 3628 madidum
734 3558 935 3626 redderent.
979 3559 1039 3626 Sic
1061 3576 1140 3650 post
1169 3565 1210 3630 15
1236 3562 1308 3628 fere
1328 3564 1474 3632 minutas
1497 3565 1625 3654 primas
1652 3557 1935 3632 thermometrum
2018 3611 2029 3638 ι,
2086 3547 2096 3591 ”

239 3677 393 3746 ιοιιιίιίι
418 3689 454 3740 ιι
476 3673 666 3738 observatio
686 3674 763 3738 fieri
782 3689 906 3756 potest.
953 3672 1235 3740 Commendanda
1255 3697 1335 3760 ergo
1363 3693 1416 3742 est
1436 3676 1523 3744 haee
1543 3675 1752 3758 methodus,
1777 3679 1932 3762 quoties·
2004 3712 2009 3728 ·

234 3811 375 3880 ιιιφιι
402 3783 570 3878 sufficiens
591 3781 803 3858 observarant
833 3783 1045 3851 concedatur
1066 3797 1222 3872 tempus,
1245 3809 1358 3874 neque
1387 3789 1540 3856 subitum
1570 3787 1768 3874 requiratur
1797 3789 1932 3878 vaporis

239 3898 482 3996 hygrometrici
504 3919 656 3964 examen

280 4019 312 4085 5.
336 4008 471 4100 Quoad
485 4007 769 4075 thermomettum
794 4003 1055 4095 psychrometro
1085 4003 1264 4074 additurus
1299 4005 1367 4074 hoc
1399 4009 1541 4074 omnino
1570 4007 1684 4074 omisit
1719 4003 1763 4075 ci.
1793 4009 1936 4093 Ludis,

236 4128 371 4219 qnippe
399 4117 873 4204 instrumentorumque
901 4113 1625 4214 spontediiierentiampsyehromctricam
1651 4103 1840 4185 exhiberet.
1885 4124 1937 4188 lta

236 4255 348 4304 autem
382 4234 511 4300 factum
541 4243 885 4326 est‚sut1purteturn
924 4227 1222 4318 psychrometrum
1254 4233 1439 4318 ignoraret.
1497 4227 1666 4302 Videatur
1704 4227 1844 4320 quidem
1871 4233 1937 4299 alio

241 4351 483 4416 thermometro
506 4342 593 4410 aeris
629 4354 859 4428 temperatura
884 4340 997 4426 detegi
1024 4365 1122 4430 posse
1145 4359 1178 4409 et
1199 4344 1250 4410 sic
1277 4344 1328 4410 ilii
1352 4347 1435 4412 vitio
1455 4344 1601 4413 occurri.
1647 4344 1695 4407 At
1729 4345 1871 4412 veroin
1898 4369 1939 4412 eo

221 4490 226 4510 =
247 4459 463 4530 consentiunt
481 4453 636 4544 physici.
656 4449 779 4537 gradun
801 4453 1037 4520 thermometri
1058 4453 1294 4520 differentialis
1317 4456 1371 4521 nix
1394 4479 1471 4523 cum
1493 4455 1598 4522 solitis
1617 4477 1689 4520 esse
1718 4456 1938 4541 comparabi-

245 4574 306 4642 les.
350 4571 616 4636 instrumentum
641 4562 743 4648 igitur
777 4567 908 4654 james
936 4565 989 4632 his
1018 4565 1224 4652 argumentis
1253 4567 1352 4651 rejici
1389 4567 1517 4658 possin
1542 4565 1678 4632 accedit
1700 4545 1831 4650 uidem,
1854 4567 1940 4634 illud

1858 4681 1942 4748 adeo

280 4837 318 4912 ί·
336 4835 347 4906 )
363 4826 525 4888 tattonis.
546 4821 623 4883 thu.
639 4819 673 4879 ll.
696 4826 754 4880 ses.
1166 4893 1199 4958 N
