5216 6270
650 603 692 668 aa
742 591 746 597 ¹
870 587 1202 666 anaxanotu
1233 587 1462 684 ,cauom
1507 591 1820 670 cutttatut
1862 598 2135 682 suranna

1433 786 1467 870 §-
1513 791 1567 878 5o

1396 947 1598 1021 Conclusio.

694 1120 744 1186 Ex
775 1113 908 1206 prolixa
930 1116 995 1182 hac
1014 1128 1130 1183 nostra
1151 1111 1384 1206 disputatione
1410 1108 1667 1198 concludimus,
1690 1119 1893 1193 methodum
1909 1184 1911 1192 ,
1919 1129 1989 1216 jam
2010 1133 2203 1220 erpoaitam
2226 1156 2260 1208 et
2284 1142 2345 1210 di-

652 1235 839 1322 judicatam
869 1229 1024 1298 nondum
1047 1253 1088 1299 eo
1111 1228 1340 1325 perfectionis
1368 1226 1471 1299 tunae
1505 1225 1710 1309 adductam,
1732 1248 1781 1300 'ut
1815 1235 1988 1330 integrum
2013 1244 2193 1334 problema
2221 1255 2348 1323 solvere

650 1349 772 1438 potnit.

698 1461 832 1527 Etenim
848 1459 993 1544 primo,
1027 1479 1115 1557 quae
1147 1455 1243 1522 suere
1271 1451 1425 1556 adhibita
1450 1455 1684 1556 experimenta
1711 1477 1745 1526 et
1774 1462 1931 1560 tabulae,
1958 1484 1995 1534 ut
2020 1469 2228 1561 hygrometri
2250 1483 2350 1560 indi·

651 1569 739 1638 catio
771 1555 854 1634 cum⁸
874 1569 1084 1668 atmometria
1109 1569 1398 1654 conjungeretur,
1435 1591 1499 1660 pro
1523 1565 1751 1680 determinata
1787 1592 1919 1644 tantum
1945 1595 2178 1671 temperatura
2213 1589 2348 1678 valent,

652 1701 797 1754 caeterae
815 1685 959 1750 intactas
978 1680 1196 1772 relinquunt.
1243 1679 1316 1750 lloc
1336 1699 1449 1749 autem
1470 1699 1707 1770 argumentum
1726 1710 1796 1754 nou
1817 1690 1854 1756 in
1870 1689 1980 1778 ipsam
1997 1697 2197 1770 methodum
2215 1702 2348 1777 dictum

607 1783 610 1791 Δ
651 1816 714 1866 eat.
761 1796 933 1864 Ulteriora
957 1795 1050 1860 enim
1072 1795 1330 1883 experimenta,
1353 1794 1447 1886 quod
1467 1793 1588 1862 delicit
1604 1797 1766 1890 supplere
1785 1802 1939 1890 possint,
1963 1829 2074 1898 eoque
2100 1812 2253 1901 facilius,
2277 1843 2345 1908 quo

652 1912 795 1978 interius
821 1908 974 1994 cognitae
996 1909 1128 1973 luerint
1148 1908 1255 1997 ipsius
1278 1909 1412 1996 vaporia
1435 1925 1556 1974 natura
1578 1925 1613 1977 et
1635 1907 1738 1996 leges.

692 2025 821 2092 Verum
853 2019 1007 2088 accendo
1042 2019 1125 2086 huic
1158 2019 1315 2099 accedit,
1351 2020 1444 2112 quod
1476 2022 1674 2088 etiamnunc
1703 2022 1919 2092 desideratur
1943 2034 2086 2102 materia
2121 2035 2222 2122 talia,
2260 2067 2347 2133 quae

645 2136 808 2214 ¹omnihus
827 2133 1036 2223 respondeat
1058 2131 1339 2210 conditionibus,
1362 2158 1381 2197 a
1409 2129 1508 2195 nohis
1533 2134 1760 2214 enumeratis,
1785 2158 1868 2222 quaa
1893 2139 1985 2205 inter
2013 2147 2196 2220 maximum
2229 2155 2348 2222 obm-

648 2240 781 2329 culum,
797 2247 853 2314 vix
873 2246 1116 2330 eluctandum,
1130 2245 1235 2312 efficit
1256 2239 1537 2328 immutabilitas,
1553 2246 1686 2331 quippe
1706 2241 1794 2312 nulli
1815 2249 1976 2320 materiae
1998 2259 2174 2340 organicae
2195 2269 2346 2356 propria.

647 2359 824 2450 Quamdiu
848 2382 930 2446 ergo
959 2373 1117 2436 constat,
1141 2358 1304 2450 temporie
1335 2357 1434 2444 lapsu
1464 2355 1620 2420 imminui
1649 2369 1754 2445 atque
1783 2361 1908 2428 mutari
1934 2367 2098 2436 materiae
2119 2371 2344 2466 hygroscopi-

521 2489 525 2498 '
647 2497 705 2543 cae
738 2473 1006 2551 iudicationem,
1028 2491 1063 2539 et
1085 2472 1141 2540 rix
1167 2466 1293 2554 corrigi
1312 2489 1412 2560 pocae
1437 2463 1497 2558 qui
1528 2463 1612 2534 hinc
1636 2465 1817 2563 profluunt
1841 2495 1996 2560 errores,
2032 2480 2232 2578 quicunque
2255 2485 2344 2558 hanc

646 2585 848 2657 methodum
887 2585 1040 2676 speciosa
1071 2579 1282 2653 calculorum
1315 2581 1473 2670 congerie
1511 2578 1680 2649 adornare
1718 2577 1820 2660 velit,
1857 2579 1969 2654 oleum
2006 2589 2204 2677 perdiderit
2240 2619 2350 2692 atque·

645 2724 797 2790 operam.

1194 2907 1585 2942 '‘DCCC-MD
1589 2909 1821 2940 ““““““ἱ

989 3117 1511 3211 -aturnonus
1624 3120 1992 3234 Thurri,

1144 3353 1263 3430 Quat
1298 3355 1375 3414 ttsT
1413 3353 1496 3411 PER
1532 3349 1849 3413 atramentum·

1088 3764 1278 3848 Palas
1367 3763 1963 3843 THEORETICA..

1434 4022 1465 4106 a.
1509 4021 1564 4090 aa.

1273 4216 1335 4284 De
1357 4211 1518 4280 methodi
1530 4213 1732 4303 principio.

650 4387 702 4510 In
721 4441 946 4533 praecedenti
966 4436 1154 4524 methodo,
1176 4453 1216 4508 ut
1239 4439 1304 4508 fini
1326 4461 1388 4508 auo
1411 4437 1646 4523 cadasaceret,
1668 4439 1756 4510 dnae
1777 4439 1977 4527 doctrinae,
1997 4468 2017 4510 a
2036 4465 2071 4512 te
2097 4444 2242 4523 invicem
2262 4456 2339 4526 dia.

533 4630 537 4636 ¹
652 4571 783 4634 cretae.
813 4553 1072 4646 conjungendae
1092 4571 1215 4624 crant:
1240 4555 1467 4646 hygrotcopia
1488 4553 1563 4622 acil.
1583 4572 1618 4624 et
1641 4556 1831 4644 atmologia.
1873 4554 1937 4624 Illa
1968 4557 2142 4628 relativam
2167 4572 2342 4655 quandam

652 4669 787 4762 rapcria
817 4670 1052 4740 conditionem
1072 4671 1272 4758 indicabat,
1297 4693 1399 4762 quam
1426 4669 1512 4738 haec
1532 4670 1716 4738 adhiberet
1741 4669 1786 4738 ad
1814 4667 2038 4760 problematis
2062 4677 2171 4742 nottri
2196 4679 2341 4752 tolutio.

653 4805 757 4866 neme
781 4783 837 4848 cui
863 4805 943 4870 ergo
963 4809 1078 4876 neque
1106 4787 1279 4873 generales
1305 4787 1439 4876 vaporis
1465 4782 1576 4872 leget.
1598 4807 1712 4878 neque
1736 4780 1893 4874 specialia
1927 4785 2000 4870 ejus
2020 4785 2109 4890 ectio
2127 4787 2165 4856 iu
2196 4815 2342 4884 corpora

654 4893 901 4986 hygroaccpica
926 4919 992 4987 per
1009 4919 1046 4967 te
1061 4901 1286 4972 sufficiebant.
1333 4901 1378 4971 Et
1395 4899 1550 4989 quidem,
1572 4899 1740 4991 exipsius
1756 4894 1918 4966 historiae
1943 4895 2159 4982 testimoniis,
2182 4927 2341 4976 aucerre·

2291 5034 2346 5088 rat
