5216 6270
514 623 847 712 ‘merorem
882 637 945 696 rs
982 621 1410 727 Quaesumus-tm
1443 619 1746 694 rursrcsu.
1811 599 1816 610 '
1950 647 1974 718 7

1066 843 1100 956 't-
1143 869 1178 940 r.
1228 847 1233 858 ’

460 1071 525 1144 'Dc
545 1069 704 1143 neoterio
725 1081 764 1140 st
784 1063 946 1151 bilance,
967 1063 1020 1135 ad
1039 1085 1145 1134 ntum
1165 1064 1476 1154 hygrometrieem
1495 1066 1773 1157 conjungendis.

313 1271 487 1366 Expositis
510 1273 581 1360 jam
600 1268 797 1356 singulatim
820 1263 925 1353 hujus
953 1258 1110 1330 methodi
1130 1258 1308 1352 partibus,
1330 1263 1511 1358 sequitur,
1529 1279 1569 1332 ut
1593 1286 1648 1332 eas
1668 1264 1913 1350 conjungamus
1930 1277 1965 1330 et

271 1391 320 1462 sic
337 1389 531 1464 videamus,
558 1385 736 1477 quomode
752 1408 795 1454 ex
818 1382 871 1450 his
905 1379 1090 1470 principiis
1118 1377 1254 1474 vaporis
1271 1377 1314 1444 in
1341 1386 1422 1446 abre
1443 1379 1617 1472 quantitas
1646 1376 1906 1446 determinetur.

314 1507 367 1574 Ex
392 1505 469 1596 ipsa
494 1519 626 1583 ιιιιιειι,
661 1499 706 1568 de
733 1523 802 1590 qua
833 1495 997 1574 vidimus,
1033 1491 1294 1564 rdtsorhentiusn
1329 1509 1452 1562 natura
1483 1493 1610 1588 triplex
1646 1492 1822 1562 derivatur
1847 1489 1968 1566 ratio,

271 1643 342 1710 qua
368 1616 616 1710 hygrometsine
645 1611 852 1684 inserviunt.
903 1605 1120 1678 Exsiccsntia
1154 1604 1247 1680 euim
1276 1606 1430 1678 chemica
1465 1623 1611 1698 possunt
1645 1620 1687 1676 ct
1711 1602 1899 1674 absolutam
1933 1617 1972 1669 et

270 1730 447 1799 relativam
462 1729 598 1820 vaporis
618 1729 846 1820 quantitatem
867 1723 1044 1805 indicare,
1066 1716 1300 1787 Absorbentia
1319 1719 1565 1814 hygroscopica
1587 1717 1658 1788 non
1685 1719 1754 1786 nisi
1775 1716 1963 1788 relativum.

275 1844 460 1934 Quomodo
479 1845 519 1912 in
541 1842 689 1932 singuiis
705 1839 942 1933 procedetur,
962 1839 1032 1926 iam
1052 1830 1261 1904 videbimus.
1868 1915 1871 1922 Ι

316 1979 346 2026 ι.
370 1957 553 2050 Siquidem
578 1960 627 2029 vis
648 1955 799 2028 vehiculi
821 1954 1012 2022 absorbens
1031 1947 1197 2026 sufficiat,
1217 1959 1259 2013 ut
1280 1963 1417 2016 omnem
1440 1971 1484 2018 ex
1506 1955 1587 2017 aire
1609 1969 1774 2038 vaporem
1793 1947 1971 2024 extrahat,

272 2067 467 2137 immediate
491 2067 596 2155 hujus
623 2069 796 2159 quantitas
826 2065 1051 2136 determinari
1075 2058 1215 2154 poterit.
1259 2058 1334 2128 Hoc
1363 2075 1478 2130 autem
1504 2087 1577 2130 non
1604 2063 1803 2144 obtinetur,
1824 2059 1891 2126 nisi
1913 2065 1972 2124 adr

273 2202 456 2266 campanae
479 2179 608 2261 cogniti
630 2179 811 2243 voluminis
830 2176 1034 2238 includatur
1053 2189 1090 2234 et
1110 2173 1342 2242 adhibeantur
1362 2177 1581 2248 exsiccantit.
1626 2173 1698 2244 Ubi
1717 2195 1798 2260 ergo
1815 2180 1875 2238 air
1895 2193 1974 2262 per-

276 2289 368 2356 fecte
386 2288 534 2366 siccatus
556 2286 687 2368 inerit,
705 2283 877 2378 ponderis
895 2297 1115 2368 augmentum
1131 2279 1268 2368 vaporis
1290 2287 1472 2358 exhibebit
1494 2287 1732 2382 quantitatem.
1775 2287 1847 2355 Hic
1868 2307 1974 2362 vero,

280 2401 556 2492 quotiescunque
583 2423 621 2466 ea
644 2395 881 2484 cognoscenda
902 2408 972 2477 est,
995 2391 1189 2458 instituitur
1209 2397 1496 2485 experimentum.

317 2537 352 2582 a.
372 2511 503 2581 Eadem
524 2510 733 2591 οιιιὶιιοιιιιιίιι
753 2526 790 2580 et
812 2509 851 2576 in
872 2515 952 2575 aire
981 2523 1101 2594 sparto
1117 2503 1276 2574 adhiberi
1297 2523 1454 2602 possunt.
1496 2512 1591 2578 Tum
1610 2514 1704 2578 enim
1728 2511 1890 2577 continue
1909 2533 1974 2578 va-

271 2649 394 2720 porem
415 2624 699 2708 condennabunt,
722 2623 834 2692 donec
855 2619 986 2690 inerint
1008 2637 1180 2708 saturata,
1203 2637 1240 2690 et
1265 2621 1357 2692 scala
1383 2619 1516 2692 hilanci
1548 2625 1679 2722 apponi
1708 2622 1861 2719 poterit,
1881 2646 1971 2712 quae

274 2740 429 2834 aequalis
448 2738 616 2833 ponderis
636 2739 877 2818 incre‘nteuta,
900 2763 921 2804 a
947 2737 1092 2805 nteteria
1119 2735 1278 2827 enhydre
1299 2735 1344 2804 ad
1369 2751 1555 2808 saturatam
1582 2761 1716 2828 usqne,
1745 2736 1891 2806 indicat.
1937 2734 1974 2804 si
2113 2811 2118 2822 ι

274 2855 347 2940 jam
368 2857 420 2924 vis
438 2857 521 2942 ejus
539 2853 723 2929 exsiccans·
736 2851 857 2919 eadem
874 2868 1008 2919 maneat
1029 2873 1095 2940 pen
1118 2867 1228 2920 totum
1249 2849 1346 2918 hunc
1369 2873 1569 2940 processum
1589 2867 1627 2920 ct
1648 2850 1823 2918 increscat
1844 2847 1973 2916 celeri-
2027 2923 2029 2928 ¹

277 2979 348 3042 tas,
383 2989 452 3057 qua
480 2966 569 3052 agit,
606 2965 784 3059 cumipse
809 2965 898 3032 airis
925 2963 1156 3049 humiditate,
1175 2965 1261 3033 haec
1288 2964 1512 3034 determinari
1545 2967 1675 3056 poterit
1701 2989 1765 3055 per
1792 2963 1977 3053 utriusque

277 3081 578 3172 comparationem.
622 3079 703 3169 Quo
725 3077 819 3147 enim
840 3077 1015 3147 humidior
1036 3079 1083 3143 eit
1104 3087 1186 3162 s'e'r,
1209 3103 1251 3146 eo
1271 3080 1439 3164 majorem
1457 3080 1595 3168 vaporis
1619 3079 1869 3170 quantitatem,
1893 3075 1975 3144 dato

275 3207 452 3284 tempore,
475 3191 577 3260 cedet
607 3189 792 3278 vehiculas
826 3207 906 3280 eut,
940 3188 1036 3283 quod
1055 3188 1177 3264 eodem
1194 3189 1311 3278 redit,
1334 3213 1375 3261 eo
1395 3191 1493 3260 citius
1513 3190 1635 3262 datum
1661 3188 1827 3281 ponderis
1851 3192 1973 3259 incre·

276 3321 429 3374 mentum
452 3305 602 3394 accipiet
622 3302 830 3373 vehiculum.

309 3424 352 3489 ’5.
377 3418 538 3486 Tandem
559 3418 713 3498 vero,·st
735 3417 954 3483 absorbentia
984 3418 1234 3504 hygroreopica
1259 3419 1299 3484 in
1321 3425 1402 3486 tire
1428 3433 1553 3508 aperto
1568 3416 1699 3484 biianci
1730 3431 1972 3508 apponantur,

276 3555 396 3600 corum
417 3531 554 3624 pondus
574 3531 629 3597 vel
651 3526 850 3610 augebitur,
871 3522 926 3591 vel
945 3523 1188 3603 imminuetur,
1209 3530 1327 3612 prouti
1350 3531 1427 3614 ipsa
1450 3530 1540 3592 a'e‘ris
1563 3524 1751 3594 humiditas
1768 3525 1873 3595 inerit
1901 3529 1974 3596 im·

277 3657 417 3708 mutem.
463 3638 631 3726 Apposits
652 3657 734 3720 erge
756 3633 847 3702 resia
875 3648 911 3700 et
941 3634 1078 3721 cognita
1101 3633 1255 3720 ratione,
1279 3657 1368 3727 quae
1391 3639 1485 3706 inter
1512 3653 1694 3731 utramque
1724 3638 1819 3714 illan
1846 3641 1972 3712 condi.

278 3757 406 3824 tionem
427 3747 634 3833 intercedit,
656 3748 796 3840 teporis
819 3749 993 3840 quantur
1021 3771 1064 3818 es
1088 3746 1200 3819 ecsiae
1219 3747 1329 3837 gradu
1350 3747 1500 3824 derivari
1518 3755 1661 3850 poterit.

1069 3947 1104 4036 §0
1146 3947 1181 4017 5.

891 4141 954 4210 De
974 4136 1137 4210 methodi
1156 4141 1360 4244 requisitis.

288 4359 291 4362 ·
321 4335 424 4404 Nunc
457 4337 563 4404 ctiam
594 4337 771 4427 superest,
800 4352 841 4404 ut
864 4357 906 4405 ex
932 4336 1086 4430 partium
1107 4357 1172 4404 usu
1204 4335 1295 4408 hene
1319 4355 1507 4436 perspecto
1531 4339 1745 4436 derivemus,
1768 4346 1974 4438 quibusnam

280 4454 538 4523 conditionibus
562 4456 713 4544 singulae
735 4457 931 4526 satisfacere
953 4457 1116 4529 debeant·
1164 4536 1167 4550 .

322 4571 504 4638 Materiae
525 4592 607 4656 ergo
628 4551 846 4639 adhibendae
868 4573 1035 4665 requisita
1053 4556 1209 4640 sunt'iel
1231 4570 1428 4659 generalia,
1449 4570 1503 4642 vel
1525 4571 1695 4661 specialis·

322 4679 364 4748 In
385 4686 481 4752 omni
500 4684 594 4753 enim
614 4685 776 4772 materia,
797 4685 1046 4778 hygtutsepitt
1065 4685 1356 4773 mindoniam,
1377 4680 1591 4776 postulaturi

323 4805 369 4861 ιο.
391 4819 436 4884 ne
461 4796 547 4888 quid
568 4815 708 4902 praeter
729 4823 891 4904 vaporem
912 4825 954 4871 ex
975 4810 1055 4872 sire
1076 4801 1249 4889 attrahat,

280 4955 287 4966 -
321 4915 370 4978 'st
393 4901 589 5003 nere'quid
609 4927 737 4986 mmsis
751 4909 836 4988 'tiae
857 4937 926 5011 pet·
944 4893 1060 5020 sireis
1079 4901 1342 4992 strueremus
1362 4911 1552 5006 deperdat,

386 5051 407 5063 ι.
500 5058 507 5072 Α
667 5052 682 5070 2.
721 5059 727 5068 ‚
748 5029 753 5066 ,’
836 5047 841 5068 ι
938 5053 940 5064 ·
1005 5034 1011 5061 i
1202 5035 1209 5068 i
