5216 6270
676 569 725 642 ,4ss
895 563 1233 637 ALExuttnltl
1276 559 1492 635 GAROLI
1537 563 1868 656 GUILIELMI¹
1895 561 2176 630 SUERMAN

693 767 790 830 sunt,
814 762 971 838 spectant
990 748 1097 838 ipsius
1119 747 1297 832 effectum,
1320 747 1497 836 indolem,
1519 769 1573 836 et,
1598 774 1686 843 quae
1705 747 1854 816 inillam
1873 745 1961 834 agit,
1985 766 2129 812 causam.
2165 744 2255 814 Sunt
2275 748 2388 817 enim:

690 863 897 943 Mobilitas,
920 862 1205 942 Immutabilitaa
1231 877 1268 930 et
1289 863 1476 952 Analogia
1504 888 1583 934 cum
1610 866 1685 952 ipra
1708 863 1842 956 vaporis
1871 857 2082 946 conditione·
2124 857 2405 932 initiamenta

690 973 897 1044 Mobilitate·

744 1089 884 1156 Solebat
915 1088 1001 1155 haec
1037 1089 1197 1157 materiae
1232 1087 1376 1180 qualitas
1418 1088 1532 1180 magni
1572 1087 1715 1173 baberi,
1747 1091 1908 1180 inprimis
1950 1092 1993 1154 ab
2033 1085 2287 1176 antiquioribus
2324 1087 2413 1178 luy-t

692 1203 888 1296 groseopiae
920 1202 1138 1285 auctoribus,
1168 1205 1299 1295 quippe
1331 1202 1414 1293 qui,
1449 1199 1603 1288 neglecta
1629 1226 1745 1270 causae
1768 1199 2063 1276 consideratione,
2097 1197 2143 1265 ad
2177 1188 2412 1269 instrumenti*

691 1315 915 1384 sensilitatem
935 1313 1008 1380 iere
1046 1315 1150 1382 unice
1179 1316 1415 1384 advertebant.
1463 1317 1501 1383 Si
1531 1339 1611 1384 vero
1637 1317 1885 1408 experientiam
1913 1313 2153 1398 consulamus,
2187 1294 2406 1403 quibusnam

691 1427 890 1498 substantiis
909 1427 997 1492 baec
1016 1424 1088 1492 lans
1108 1443 1299 1514 competat,
1322 1427 1448 1495 multae
1476 1451 1555 1494 sane
1575 1453 1615 1496 ca
1637 1431 1816 1498 carebunt.
1863 1427 2063 1496 Generatim
2085 1427 2196 1492 minus
2214 1445 2395 1516 promptae

685 1553 771 1610 'sunt
794 1541 1003 1607 substantiae
1030 1555 1102 1604 arte
1128 1538 1260 1618 factae,
1282 1539 1400 1628 prouti
1421 1543 1578 1608 materies
1601 1543 1764 1612 intortae.
1810 1542 1866 1610 Sic
1896 1539 1939 1606 de
1971 1537 2111 1606 chordis
2138 1539 2393 1622 intestioalibus

684 1659 834 1723 'affirmat
861 1655 937 1744 ipse
959 1652 1157 1734 Lambert,
1181 1650 1315 1744 aliquot
1339 1677 1393 1720 eas
1419 1656 1600 1741 requirere
1627 1656 1727 1723 boras
1750 1671 1933 1745 antequam
1955 1653 2042 1718 airis
2068 1666 2195 1718 statum
2221 1651 2390 1720 indicent.
2431 1649 2443 1668 '

689 1772 789 1838 ldenr
815 1767 859 1834 de
883 1765 1025 1832 funibus
1050 1764 1161 1831 valet:
1195 1787 1282 1850 quae
1308 1765 1395 1831 ratio
1423 1783 1495 1849 est,
1519 1791 1626 1856 quare
1652 1771 1855 1844 Lemnum,
1882 1767 2052 1832 Smeoton
2074 1761 2200 1854 aliique
2228 1783 2390 1848 monent,
2448 1737 2466 1852 Ι,

690 1883 789 1950 alcali
815 1877 992 1971 quoddam
1019 1877 1060 1942 iis
1094 1899 1165 1943 esse
1189 1875 1444 1945 imbibendum.
1491 1879 1601 1946 Porro
1623 1881 1759 1948 tabulae
1780 1878 1908 1966 ligneae
1943 1877 2009 1942 boe
2039 1877 2121 1944 vitio
2146 1877 2305 1944 laborant
2334 1897 2388 1955 et,

686 2001 723 2065 in
755 2017 898 2084 genere,
921 2013 1038 2058 omnes
1068 1990 1230 2091 materiae
1254 1991 1459 2070 crassioresr
1484 1995 1570 2084 quin
1595 2015 1632 2060 et
1658 1995 1815 2061 materies
1836 1990 2033 2074 balaanan,
2057 1990 2303 2081 quaeloptimia
2322 1989 2388 2058 ad·

688 2109 862 2179 numerari
880 2103 988 2188 solet,
1022 2104 1100 2192 ipso
1124 2103 1316 2170 affirmante
1342 2103 1403 2171 De
1424 2105 1530 2190 Luc,
1560 2105 1644 2175 licet
1668 2109 1748 2173 satis
1777 2122 1958 2196 prompta,
1994 2105 2062 2172 boc
2088 2120 2203 2170 tamen
2230 2119 2390 2193 respectu

683 2234 772 2314 'prae
796 2222 918 2290 ceteris
939 2243 1011 2287 non
1033 2217 1174 2286 eminet.
1292 2223 1296 2232 '
1727 2229 1730 2241 ·
1908 2229 1941 2240 ··
1988 2231 1991 2242 ·
2136 2215 2142 2243 “·

730 2337 789 2406 Ab
819 2336 925 2402 altera
949 2355 1031 2402 vero
1060 2345 1159 2419 parte
1181 2325 1327 2392 mobiles
1353 2325 1539 2395 admodum
1564 2329 1882 2426 deprehenduntur
1904 2329 2062 2398 materies
2094 2329 2265 2396 tenuiores
2282 2351 2387 2422 rage-

688 2447 827 2527 ethites,
846 2449 898 2515 uli
929 2447 1049 2513 charit
1072 2457 1107 2511 et
1132 2461 1316 2509 avenarum
1336 2457 1476 2534 partes3
1502 2441 1623 2512 Kater
1653 2444 1717 2510 hac
1740 2445 1953 2531 proprietate
1977 2441 2213 2532 Andropogon
2239 2453 2384 2510 contar*

685 2585 760 2634 tum
787 2563 872 2630 adeo
895 2558 1027 2647 pollere
1046 2556 1215 2636 affirmat,
1238 2569 1277 2619 ut
1301 2575 1420 2620 manus
1440 2554 1598 2622 admotae
1624 2554 1828 2620 humiditate
1851 2555 1966 2620 atatim
1995 2547 2051 2622 ro⁰
2072 2571 2109 2622 et
2128 2553 2219 2620 ultra
2243 2575 2385 2624 norea·

687 2696 759 2746 tur.
803 2672 934 2743 Eadem
956 2667 1119 2761 qualitate
1139 2663 1312 2734 excellunt
1330 2685 1446 2758 partes
1466 2669 1744 2735 membranaceae
1761 2665 1971 2756 aratroque
1997 2687 2105 2751 regno
2131 2666 2292 2751 organico
2314 2664 2384 2732 de·

685 2805 827 2860 sumtae.
880 2787 953 2853 Nec
991 2784 1106 2852 minua
1136 2781 1302 2868 competit
1324 2804 1366 2846 ea
1384 2778 1469 2878 'laus
1497 2779 1566 2848 lilia
1607 2778 1839 2857 naturalibus,
1868 2777 2020 2867 ideoque
2054 2793 2090 2842 et
2114 2777 2245 2859 aerico,
2278 2780 2390 2868 atqnc'

681 2904 835 2972 omnium
851 2899 995 2966 maxime
1020 2894 1165 2986 capillo,
1189 2897 1232 2960 e'x
1264 2891 1391 2984 quibus
1417 2894 1649 2962 recentissima
1672 2893 1892 2984 bygrometra
1915 2887 2012 2955 fuere
2033 2885 2201 2954 confecta.
2239 2884 2380 2957 Nouu-

683 3016 769 3085 dum
786 3029 900 3080 autam
922 3023 991 3091 est,
1013 3029 1057 3074 ex
1077 3006 1320 3096 experimentis
1342 3005 1394 3075 Gl.
1410 3008 1454 3074 de
1475 3003 1679 3092 Suuasure,
1698 3003 1815 3094 capilli
1835 2991 2060 3071 mobilitatem
2079 2995 2238 3088 inprimis
2261 3019 2379 3083 agra-

681 3129 732 3198 du
757 3121 947 3194 clinationis
968 3117 1144 3220 pendere,
2282 3121 2284 3128 “

1445 3263 1497 3384 ‚5⁹
1540 3258 1622 3330 ⁵⁰⁰.

786 3469 951 3535 Examen
974 3441 1151 3530 secundae
1173 3459 1352 3528 materiae
1373 3439 1657 3546 bygroaoopicue
1680 3451 1917 3528 conditionis,
1940 3440 2272 3514 [mutabilitatis.

688 3709 695 3719 .
724 3657 762 3724 Si
788 3649 1063 3734 attendimusad
1087 3649 1201 3738 ipsam
1222 3647 1429 3714 substantiae
1445 3661 1641 3729 naturam,
1674 3644 1785 3712 altera
1810 3635 2121 3729 bajuaccnditio,
2143 3632 2377 3709 Immutabili·

678 3787 760 3854 ter„
772 3765 877 3846 iaeile
890 3757 1104 3846 intelligitur.
1148 3754 1243 3824 Talis
1270 3761 1363 3826 eninr
1384 3781 1456 3828 etse
1474 3756 1603 3841 debet,
1618 3771 1801 3839 artomues
1821 3750 1980 3838 ejusdem
2000 3745 2127 3840 speciei
2145 3743 2378 3839 substantiae,

680 3877 821 3951 caeteris
854 3873 1016 3966 paribus,
1039 3864 1133 3938 idam
1155 3867 1315 3938 volumen
1342 3891 1408 3960 pro
1439 3869 1560 3936 eadem
1588 3847 1725 3956 uaporis
1752 3853 2164 3941 conditioneostendaut.
2209 3840 2286 3920 Huc
2306 3838 2377 3919 au'·.¹

681 4017 750 4068 tem
779 3991 991 4064 conditiones
1016 4000 1051 4050 et
1080 3983 1231 4077 speciei,
1258 4000 1292 4049 et
1316 3981 1499 4050 individuo
1523 3979 1688 4072 propriae
1712 3997 1925 4073 ¹corrourrere
1952 3965 2103 4045 debente
2205 4063 2210 4071 ι
2339 3955 2345 3966 ’

725 4133 756 4180 r.
780 4107 828 4173 Ut
848 4101 977 4190 species
1006 4095 1050 4160 sit
1069 4093 1311 4177 immutabilia,
1330 4091 1354 4160 i·
1374 4119 1405 4163 e.
1430 4112 1557 4163 utnon
1580 4117 1639 4158 sua
1661 4073 1828 4180 quodvis,
1849 4084 1910 4153 sed
1931 4077 2084 4171 generali
2106 4073 2239 4174 ratione
2260 4066 2374 4168 omnia

676 4218 831 4311 ejusdem
862 4207 988 4300 speciei
1018 4205 1198 4274 individua
1238 4205 1462 4294 procedant,
1494 4204 1633 4269 interna
1672 4197 1831 4292 materiae
1860 4192 2053 4289 requiritur
2088 4177 2263 4294 conditio}
2300 4181 2376 4253 adil.

676 4337 749 4419 ejus
780 4319 1000 4414 compositio,
1022 4331 1195 4382 structura
1215 4334 1250 4383 et
1271 4341 1299 4386 s.
1327 4341 1385 4406 p.,
1410 4316 1589 4408 benesint
1609 4308 1867 4400 determinatae.
1912 4305 2002 4400 ilinc
2026 4302 2063 4366 in
2089 4287 2373 4405 prani‘decobit,

681 4440 770 4508 bene
791 4433 977 4504 definiatur
995 4430 1231 4522 praeparatio,
1257 4427 1352 4518 quod
1374 4429 1440 4496 nisi
1461 4427 1549 4494 serat
1570 4421 1731 4490 materiae
1751 4437 1892 4494 natura.
1917 4415 2106 4500 rejiciatur.
2150 4401 2209 4475 sie
2225 4399 2370 4472 dam‘na-

682 4571 774 4630 mua,
801 4569 887 4635 quae
905 4540 1071 4609 fabricam
1092 4563 1158 4632 pro
1178 4539 1276 4606 teriia
1294 4540 1400 4606 causis
1420 4535 1655 4624 mortificatam
1677 4526 1889 4604 ostendunt,
1913 4525 2027 4616 qualia
2050 4537 2130 4590 sunt
2149 4517 2261 4604 ligna,
2282 4512 2372 4582 ebur

683 4678 719 4726 et
747 4679 867 4724 cornu.
911 4653 1003 4719 llaec
1030 4651 1123 4717 enim
1146 4673 1240 4716 nunc
1264 4651 1424 4720 densiora
1455 4661 1552 4725 sunt,
1574 4663 1668 4708 nuno
1692 4652 1891 4727 compacta,
1913 4656 2007 4701 nunc
2033 4633 2136 4716 hujus
2158 4643 2370 4711 structurae,

682 4793 777 4842 nunc
811 4767 918 4845 albus,
938 4743 1011 4825 ‘non
1038 4743 1114 4848 pro·
1132 4741 1264 4830 »urbere
1285 4763 1343 4830 rel
1372 4754 1515 4826 animali
1546 4765 1700 4827 tantum,
1718 4744 1818 4813 -unde
1852 4731 1953 4812 facul
1972 4743 2288 4821 &ammarum
2309 4741 2369 4806 in·

644 4962 654 4971 ¹
675 4903 786 4992 ‘squar
814 4899 878 4972 pro
901 4890 1000 4966 parte
1028 4871 1080 4942 rel
1105 4873 1290 4996 exter-iope,
1316 4868 1696 4993 vel‘vinteriore„quae
1722 4855 1922 4967 adhibetur·
1966 4853 2161 4964 Hipo'eatis
2183 4851 2271 4950 cito.
2295 4867 2374 4954 post

1751 4973 1760 5008 q
1822 4947 1906 4996 all-a
1932 4984 1938 4992 ·
1970 4980 1982 4996 a
2011 4955 2103 4998 launa
2130 4984 2223 5002 ew...
2283 4959 2378 5036 ml·
