5202 6268
634 565 677 673 ‚a
853 563 1188 674 ALEXANDM
1233 563 1448 643 CAROLI
1492 559 1806 634 GUILIELMI
1849 559 2129 638 suauitate

640 761 727 830 r‘atio
746 747 927 842 dirigitur.
950 713 1119 846 simulque
1148 750 1224 854 ipsa
1251 765 1481 841 temperatura
1500 748 1724 832 observatur,
1746 769 1816 837 qua
1832 745 2079 848 praeeipitatio
2098 745 2243 818 obtinet.
2281 751 2344 823 Eat

642 892 753 941 tamen
777 880 960 961 apparatus
981 865 1088 934 etiam
1104 861 1373 958 homplioation
1405 884 1510 951 quam
1532 862 1593 952 qui
1617 862 1848 930 observationi
1871 861 2083 945 conveniat,
2107 879 2142 930 et
2168 882 2345 952 praetem

642 1001 692 1052 rot
712 997 878 1071 tantaque
899 974 1073 1068 postulat.
1096 989 1135 1042 nt
1157 973 1316 1047 &omni
1339 973 1596 1065 parturitum
1618 971 1779 1042 difficilis.

1428 1171 1460 1259 ς.
1503 1169 1561 1275 ¹87.

1028 1365 1087 1436 De
1103 1365 1233 1455 primu
1258 1341 1719 1452 thermoirygrometruium
1739 1362 1955 1432 conditione.

660 1560 725 1634 'to
744 1563 1105 1652 thermohygrometria
1123 1555 1357 1646 dijudicandis
1378 1579 1420 1622 ex
1445 1573 1566 1621 nostro
1589 1554 1730 1620 oonsilio
1749 1555 1841 1624 illam
1863 1582 2047 1650 sequemur
2063 1583 2235 1646 normam,
2256 1543 2343 1652 quae

641 1679 677 1742 in
704 1694 804 1766 parte
825 1675 1013 1743 theoretica
1038 1671 1287 1751 exhibitaeat,
1309 1667 1417 1734 itaut
1442 1671 1511 1753 jam
1536 1667 1724 1738 videndum
1743 1675 1802 1748 sit,
1825 1672 1997 1763 quomodo
2024 1677 2249 1740 instrumenta
2276 1700 2341 1763 arf

638 1790 749 1882 posita
773 1785 986 1854 satisfaciant
1015 1782 1146 1873 tripiici
1171 1778 1385 1856 conditioni,
1410 1781 1559 1869 quaein
1585 1782 1625 1846 iis
1650 1779 1866 1869 postulaturi
1913 1771 1952 1851 A'
1968 1787 2079 1874 prima
2105 1789 2341 1878 incipiendum

641 1917 703 1968 eat.
2126 1973 2147 1984 ,.
2183 1963 2189 1986 ,

682 2011 1013 2098 Refrigeratienem,
1037 2031 1125 2100 quae
1145 2007 1187 2075 fit
1204 2006 1354 2076 aetheris
1375 2005 1635 2096 evaporatione,
1658 2031 1792 2102 semper
1819 2005 1892 2076 iere
1925 2009 2077 2086 audiuere
2107 2009 2336 2098 producendo

640 2140 772 2214 pnnoto
799 2126 957 2206 roranti,
990 2123 1069 2189 satis
1100 2143 1274 2209 superque
1306 2117 1499 2184 docueruut
1524 2117 1789 2212 observationes.
1832 2122 2002 2200 Memorat
2027 2127 2339 2218 timi,¹.¹..s¹!.²8²iii,t

639 2235 678 2299 in
706 2234 929 2322 hygrometro
957 2232 1050 2298 doet.
1078 2230 1233 2297 Danieli
1270 2227 1480 2319 quandoque
1508 2229 1634 2316 frigore
1661 2235 1705 2302 55
1724 2267 1765 2288 -
1789 2236 1833 2303 40
1865 2235 2033 2320 graduum
2062 2259 2134 2302 nou
2156 2235 2341 2302 obtinuisse

641 2346 776 2432 vaporis
799 2343 1146 2434 praecipitationem
1184 2340 1280 2430 quod
1312 2355 1432 2406 utrum
1457 2341 1690 2426 observaturi,
1712 2370 1756 2415 an
1782 2369 1862 2414 vero
1890 2348 2118 2414 instrumento
2137 2347 2180 2411 sit
2207 2344 2342 2410 adscri-

637 2459 815 2546 bendum,
837 2483 909 2528 non
934 2475 986 2526 est
1014 2455 1109 2547 quod
1144 2455 1267 2523 diuam.
1312 2457 1507 2546 Numquam
1537 2477 1618 2523 vero
1647 2457 1713 2524 tale
1736 2457 1822 2545 quid
1845 2459 1910 2522 sibi
1931 2458 2115 2538 accidisse,
2140 2458 2232 2522 inter
2258 2456 2340 2522 aiios

638 2587 782 2640 testatur
813 2571 857 2638 el.
890 2569 1166 2658 Bolanenherger
1188 2569 1266 2658 (*).
1322 2568 1504 2638 Caeterum
1535 2592 1678 2663 augetur
1711 2551 1860 2663 potestas
1885 2595 2003 2640 causae
2033 2569 2284 2656 refrigerantis,
2314 2571 2342 2634 si

640 2695 700 2754 adr
725 2687 857 2780 impetu
887 2685 1039 2777 quodam
1061 2687 1099 2752 in
1127 2685 1300 2754 aetherem
1329 2687 1460 2770 irruat,
1492 2690 1543 2754 uti
1572 2691 1610 2754 in
1631 2689 1862 2753 instrumento
1890 2685 1934 2751 ei.
1962 2686 2207 2764 Db'bereiner,
2231 2699 2288 2750 aut
2312 2684 2340 2747 si

640 2821 783 2866 vacuum
817 2799 919 2864 simul
949 2800 1136 2877 efficiatur.
1166 2822 1207 2868 ex
1234 2817 1351 2867 mente
1378 2799 1472 2870 doet.
1498 2803 1716 2887 Camurium
1755 2824 1841 2889 quae
1874 2815 1985 2865 tamen
2013 2794 2192 2862 methodus
2223 2776 2336 2894 sacili·¹

641 2913 718 2977 tatis
740 2934 838 2978 causa
861 2913 998 2980 minime
1020 2932 1072 2982 est
1093 2913 1376 2982 commendanda.

682 3021 807 3110 Quoad
840 3023 968 3110 lentam
997 3027 1313 3111 refrigerationem.
1346 3027 1434 3098 nihil
1463 3032 1500 3096 iu
1531 3051 1657 3114 genere
1692 3025 1814 3103 melius
1845 3047 1885 3095 eo
1905 3047 2009 3118 scopo
2035 3025 2180 3112 eogitari
2204 3042 2337 3118 potest,

650 3158 753 3223 quam
776 3136 925 3202 aetheris
949 3138 1157 3226 evaporatio.
1203 3139 1269 3205 Hic
1292 3155 1403 3207 autem
1424 3141 1453 3206 si
1468 3141 1624 3226 guttatim
1646 3123 1797 3206 'uitiatur
1819 3137 1856 3204 in
1877 3152 2034 3227 partem,
2059 3137 2116 3204 eui
2138 3151 2189 3204 est
2210 3137 2339 3204 calori·
2451 3169 2458 3186 ·

643 3271 719 3314 eum
742 3247 1018 3334 detrahendum,
1042 3247 1228 3320 difficulter
1249 3275 1316 3344 pro
1340 3275 1378 3320 re
1407 3269 1487 3323 nata
1511 3250 1674 3340 dirigitur
1693 3249 1920 3337 refrigerium.
1964 3250 2023 3320 Sio
2048 3269 2219 3340 praestet,
2242 3248 2338 3344 quod

642 3363 822 3450 proposuit
845 3365 1087 3449 Deuminer,
1109 3367 1399 3452 instrumentum,
1420 3370 1594 3456 egregium
1610 3361 1698 3430 illud
1721 3378 1756 3430 et
1772 3385 1837 3430 usu
1860 3361 1973 3430 facile.
2017 3363 2179 3433 Attamen
2205 3387 2336 3431 uonoe·
2386 3351 2390 3362 ¹

643 3470 796 3540 alendum
816 3490 888 3560 est,
921 3475 1016 3565 quod
1043 3478 1081 3544 in
1107 3479 1252 3546 aetheris
1277 3481 1440 3552 offusione
1470 3481 1615 3548 multum
1635 3477 1739 3578 faeiat
1767 3478 1843 3567 ipsa
1864 3477 2091 3548 observatoris
2113 3476 2271 3570 aptitudo
2301 3492 2336 3546 et

645 3584 862 3669 exercitatio,
883 3589 931 3656 ite
952 3606 990 3657 ut
1011 3590 1075 3658 hae
1097 3608 1303 3661 succurrant
1322 3594 1417 3679 sere,
1441 3594 1537 3686 quod
1559 3589 1740 3683 apparatui
1762 3593 1961 3677 tribuatur,
1985 3593 2078 3662 vitio.
2196 3625 2201 3636 ·

1423 3795 1456 3878 §-
1501 3788 1558 3858 88.
1658 3777 1663 3790 '

1045 3981 1106 4049 De
1128 3983 1246 4052 alteru
1269 3983 1720 4074 thermotygrometrorum
1741 3974 1953 4044 conditione.

657 4167 765 4234 “Non
781 4167 831 4233 ita
844 4165 947 4236 'facile
972 4169 1012 4237 in
1031 4173 1394 4267 thermohygrometris
1416 4177 1522 4246 altera
1543 4169 1695 4248 conditio
1712 4165 1882 4258 expletur·
1925 4163 2025 4232 Licet
2043 4165 2136 4234 enim
2156 4170 2258 4236 etiam
2276 4171 2338 4236 hie

649 4303 751 4369 quam
771 4277 961 4368 plurimum
981 4283 1023 4347 ab
1044 4286 1261 4354 observatore
1281 4289 1451 4381 pendeat.
1474 4292 1530 4360 vix
1552 4306 1667 4356 tamen
1687 4277 1964 4374 praecipitatum,
1980 4299 2086 4364 quam
2108 4281 2258 4367 primum
2275 4306 2338 4351 er·

647 4409 761 4459 ortum
778 4393 864 4478 fuit,
890 4391 1005 4480 detegi
1035 4413 1160 4482 potest.
1205 4401 1287 4468 Seii.
1309 4401 1395 4471 illud
1417 4393 1500 4472 oroi
1521 4381 1663 4470 minimo
1681 4391 1860 4478 refrigerio
1880 4413 1900 4455 a
1918 4388 2065 4458 maximo
2086 4387 2262 4460 densitatis
2281 4398 2341 4462 in·

650 4496 716 4578 de,
740 4503 841 4572 dotet
863 4507 1010 4576 theoria.
1056 4511 1125 4576 Hie
1155 4535 1237 4597 ergo
1258 4515 1454 4586 differentia
1482 4517 1568 4585 adeo
1596 4513 1715 4594 exigua
1732 4503 1904 4590 hebetum,
1925 4517 1967 4566 ut
1987 4514 2063 4568 tuto
2085 4499 2208 4589 negligi
2224 4510 2342 4594 possit.

648 4616 726 4682 Nou
755 4617 801 4682 ita
819 4619 857 4684 in
876 4622 976 4706 praxi
1000 4603 1054 4687 res
1078 4638 1141 4690 est.
1187 4611 1278 4693 Cum
1295 4631 1390 4697 enim
1411 4633 1499 4698 ratio
1520 4628 1642 4708 docet,
1665 4617 1963 4707 etratumvaporie
1987 4617 2225 4706 praecipitati,
2247 4621 2341 4710 qnod

2268 4757 2340 4802 aar·

655 4916 737 4996 ‚qu
754 4912 917 4974 raama..
933 4914 1008 4976 aaa.
1023 4915 1043 4980 ι
1059 4932 1082 4974 a
1101 4915 1137 4976 rt
1153 4937 1184 4996 ρ.
1198 4938 1255 4991 120.
