5202 6268
615 635 676 720 ,a
847 617 1181 697 usurarum
1216 615 1436 696 curcur
1471 593 1787 691 coturnum
1821 611 2095 698 suuntur

624 802 795 886 Danieli.
831 818 868 872 et
896 805 943 872 itu
971 805 1117 874 doctam
1146 801 1271 886 inisse,
1299 819 1340 868 ut
1365 800 1459 872 uliud
1485 799 1538 868 illi
1570 803 1812 888 substitueret,
1835 803 1932 895 quod
1958 827 2043 874 rana
2070 801 2136 879 hac
2161 813 2198 882 in
2225 839 2336 892 eausa-¹

628 921 759 1008 egregie
785 942 821 986 se
842 918 961 985 habet.
994 919 1075 1008 Ipsa
1099 939 1180 986 vero
1201 918 1414 998 immutatio,
1429 939 1532 1006 quam
1547 913 1631 982 iecit
1643 918 1799 986 Greinar
1815 920 1853 984 in
1874 916 2076 988 collocando
2099 923 2339 1004 balbutiret-2

625 1033 782 1100 mometri
807 1032 959 1115 interni,
982 1029 1176 1098 conditioni
1190 1046 1328 1098 nostrae
1351 1029 1508 1096 sufficere
1529 1023 1687 1112 videtur,
1710 1051 1818 1121 quum
1836 1029 1885 1096 sic
1905 1047 2135 1122 temperatura
2153 1039 2327 1114 iudicetur

631 1146 730 1212 strati
741 1194 752 1229 ,
765 1145 802 1210 in
818 1168 888 1234 quo
909 1160 946 1211 et
964 1141 1041 1212 sona
1057 1139 1308 1232 evaporationia
1325 1155 1398 1222 est,
1420 1155 1455 1206 et
1469 1135 1640 1207 nubecula
1653 1159 1800 1232 apparet
1814 1145 1949 1232 vaporis
1965 1148 2194 1240 praecipitati.
2226 1151 2341 1226 Prae-''-

629 1275 722 1326 terea
745 1257 918 1325 laudanda
937 1273 1043 1339 sont,
1065 1279 1107 1322 er
1125 1254 1191 1321 hoc
1209 1254 1407 1347 principio,
1427 1253 1548 1321 tertiae
1570 1252 1683 1322 classis
1701 1255 1938 1346 hygrometra,
1960 1260 1999 1338 in
2021 1263 2147 1350 quibus
2166 1267 2341 1338 thermo--

627 1387 773 1436 metrum
797 1386 832 1435 et
849 1369 1078 1462 praecipitato
1098 1366 1314 1434 ostendendo
1333 1367 1499 1448 inservit3
1524 1365 1627 1434 modo
1649 1367 1870 1452 attendatur,
1895 1395 1939 1439 ne
1959 1372 2034 1460 ipse
2056 1377 2173 1444 aether
2192 1380 2338 1451 adhue-2

629 1498 701 1546 reat
722 1481 803 1546 huin
825 1481 935 1568 parti,
959 1496 994 1546 et
1017 1480 1065 1544 sic
1088 1481 1224 1572 vaporis
1245 1477 1447 1545 condensati
1468 1479 1621 1568 speeiem
1641 1479 1780 1550 referet.
1824 1484 1900 1552 lice
1922 1484 2012 1553 bene
2025 1489 2200 1559 evitarunt
2222 1496 2322 1565 Κὸμ.

631 1620 698 1661 ner
720 1611 755 1660 et
777 1595 934 1660 Mencke
957 1594 994 1658 in
1017 1593 1197 1658 immutato
1219 1592 1439 1681 hygrometro
1462 1589 1556 1657 doct.
1579 1589 1701 1657 Jonee.

651 1706 928 1774 «concludimus
960 1729 1002 1772 ex
1040 1704 1254 1791 disputatis,
1285 1705 1646 1794 thermohygrometra
1684 1706 1849 1776 accedere
1884 1711 2028 1802 quidem
2060 1713 2104 1780 ad
2135 1719 2335 1804 perfectam·

628 1821 927 1909 hygrometrorum
962 1817 1136 1910 speciem,
1172 1815 1232 1882 sed
1266 1835 1339 1882 esse
1386 1817 1569 1884 obseruate
1610 1815 1784 1902 difficilia,
1822 1846 1937 1914 neque
1971 1843 2130 1894 accurate
2165 1831 2340 1898 exhibere:

627 1949 798 2022 punctum
824 1951 968 2015 rorans3
1000 1928 1107 1996 latere
1134 1949 1215 1995 vero
1246 1944 1394 2018 quantus
1428 1932 1473 1996 sit
1503 1951 1613 1996 error.
1659 1929 1784 2018 Quoad
1808 1934 1970 2003 selectum
1995 1939 2324 2028 instrumentorum,

633 2045 762 2129 egregie
779 2065 851 2108 sese
875 2043 917 2107 ab
941 2040 1035 2107 omni
1056 2056 1155 2131 parte
1180 2039 1424 2108 commendant
1443 2041 1702 2130 hygrometrum
1723 2041 1818 2114 doct.
1847 2049 2017 2129 Danieli,
2040 2054 2156 2140 prouti
2172 2079 2191 2118 a
2215 2056 2336 2125 Grai·-

630 2181 715 2237 mr,
743 2172 780 2222 et
803 2152 899 2220 doct.
928 2155 1058 2240 Jones,
1079 2163 1206 2248 prouti
1229 2178 1249 2218 a
1266 2153 1424 2223 Muneke
1450 2153 1517 2224 fuit
1544 2153 1776 2228 emendatum.
1820 2161 1967 2256 Reliqua
1992 2165 2060 2233 suis
2077 2165 2209 2252 ringula
2233 2168 2342 2238 doum

639 2273 705 2341 bus
726 2267 911 2340 excellunt·

1338 2495 1344 2504 ·
1415 2470 1471 2590 §5
1493 2489 1548 2555 9⁰·

1080 2657 1317 2749 Dijttdiootio
1340 2625 1547 2728 rabuerunt
1567 2660 1664 2732 doct·
1687 2662 1881 2732 Danieli·
1998 2641 2004 2652 ”

675 2850 880 2940 Dijudicutis
905 2851 1142 2919 instrumentis
1164 2858 1320 2944 sequitur
1344 2855 1536 2927 tabularum
1556 2859 1723 2929 diacrisis.
1768 2857 1819 2924 De
1843 2858 2040 2926 bisantem
2066 2880 2137 2927 non
2164 2865 2268 2932 muita
2291 2871 2328 2935 iu

637 2967 748 3032 locem
781 2963 1005 3053 proferemus.
1050 2967 1146 3056 Quid
1174 2969 1291 3040 enim,
1319 2991 1361 3033 ex
1393 2970 1563 3040 hodierno
1598 2977 1762 3066 physica,
1797 2967 2014 3038 statuendum
2048 2974 2092 3040 sit
2121 2975 2164 3044 de
2192 2981 2331 3048 tolreh-

640 3083 687 3147 do
716 3080 925 3170 problemate
953 3097 1102 3159 nostro,
1121 3106 1165 3148 ex
1194 3101 1326 3173 puncto
1356 3087 1488 3149 roranti
1519 3087 1718 3169 observato,
1751 3085 1788 3149 in
1814 3099 1916 3171 parte
1947 3083 2134 3154 theoretica
2166 3093 2236 3176 jam
2267 3094 2342 3163 fuir

640 3193 845 3280 expositum·
901 3193 1088 3284 Sequentia
1123 3219 1204 3283 ergo
1235 3197 1406 3263 sufficiant
1442 3197 1488 3266 de
1520 3200 1665 3286 tabulis,
1697 3223 1780 3292 quas
1815 3199 2042 3268 instrumento
2082 3223 2143 3270 suo
2173 3203 2341 3294 adjunxit»

640 3309 800 3375 Danieli.
2026 3389 2029 3396 ,

659 3421 962 3489 ·1.Elasticitates
992 3445 1158 3512 vaporum
1188 3446 1230 3490 ex
1256 3423 1382 3492 tabulis
1410 3427 1469 3498 ott.
1497 3431 1636 3498 Delton
1660 3445 1695 3496 et
1728 3430 1798 3500 Ure
1817 3444 1995 3522 petuntur.
2039 3429 2109 3496 Hae
2133 3450 2236 3519 vero,
2271 3457 2339 3508 stru¹

643 3531 783 3626 quidem
807 3549 982 3623 tempore,
1016 3541 1219 3604 auctoritate
1249 3539 1376 3625 insigni
1400 3545 1601 3634 pollebant,
1636 3561 1784 3610 attamen
1808 3541 2059 3608 recentioribus
2085 3529 2342 3636 experimentis·

646 3643 870 3732 formulisqne
894 3648 1016 3716 cedere
1034 3651 1254 3734 debuerunt,
1278 3654 1323 3720 ita
1346 3673 1385 3719 ut
1407 3659 1475 3741 jam
1496 3657 1597 3743 longe
1619 3657 1809 3722 accuratius
1828 3655 1878 3719 illi
1904 3656 2039 3721 termini
2060 3657 2289 3729 innotescant.
2334 3692 2338 3700 ·

659 3777 665 3788 ·
688 3781 718 3824 a.
742 3756 838 3824 Idem
858 3775 894 3824 et
920 3759 1008 3826 ralet
1031 3761 1075 3827 de
1098 3765 1273 3847 terminis,
1296 3789 1381 3855 quos
1409 3767 1569 3832 adhibuit
1601 3782 1741 3839 auctor,
1761 3783 1947 3846 ,tamquam
1974 3764 2106 3847 vaporis
2130 3765 2333 3842 densitatem

649 3889 683 3939 et
713 3895 819 3960 aquae
840 3868 987 3958 pondus.
1033 3873 1075 3938 Hi
1097 3875 1190 3940 euim
1211 3893 1291 3940 sunt
1315 3875 1545 3966 antiquiores,
1575 3893 1678 3962 quam
1703 3888 1741 3938 ut
1765 3885 1881 3936 nostro
1902 3891 1983 3934 sevo
2004 3869 2087 3936 serti
2110 3878 2252 3964 possint.

691 3991 721 4052 5.
746 3984 838 4070 Satis
857 4000 969 4050 antem
995 3984 1097 4050 facile
1122 4009 1162 4052 ex
1189 3987 1399 4053 recentiorie
1427 3983 1767 4074 plrysicaeinveutis
1795 3979 1928 4070 possint
1949 3978 2088 4046 eaedem
2114 3985 2246 4056 tabulae
2270 4013 2332 4059 re-

646 4103 774 4170 novari.
819 4100 1020 4166 Generatim
1049 4124 1130 4166 vero
1155 4101 1292 4199 videtur
1318 4103 1510 4192 quaestioni
1532 4099 1576 4164 de
1605 4092 1762 4187 pondere
1792 4091 1926 4180 vaporis
1954 4093 2072 4180 aquei,
2096 4095 2185 4183 pede
2214 4105 2345 4171 cubico·

647 4212 820 4287 conteuti,
854 4205 918 4276 aliu
945 4211 990 4286 de
1024 4217 1099 4298 ejus
1131 4213 1298 4279 densitate
1329 4237 1400 4278 esse
1428 4207 1679 4290 susbstituenda.
1737 4205 1795 4273 sic
1827 4205 1920 4270 enim
1950 4209 2087 4274 termini
2117 4210 2347 4300 obtinentur,

647 4349 792 4421 quorum
813 4325 850 4392 iu
872 4325 1049 4414 atmologia
1071 4329 1147 4413 jure
1168 4326 1266 4410 longe
1292 4329 1401 4410 major
1424 4323 1595 4416 hodieque
1618 4319 1764 4387 habetur
1786 4317 1883 4382 ratio.

1430 4524 1464 4604 §·
1509 4543 1561 4608 9¹·

1229 4711 1594 4800 Psyclsrometrorum
1615 4729 1772 4776 examen.

689 4916 872 5004 Postquam
895 4909 938 4976 ad
973 4909 1080 4976 finem
1110 4903 1332 4999 perduximus
1352 4885 1757 5004 'thermobygrometriae
1794 4897 2100 4986 dijudicationem,
2126 4901 2338 5002 pergendum

2292 5037 2343 5084 “i
