5202 6268
663 635 703 722 qa
753 576 756 581 ’
896 609 1229 702 ιιιιιιιιιιιι
1260 629 1477 702 canunt
1509 630 1823 708 ournraunr
1854 635 2147 710 suranna..

672 807 862 906 apperens·
907 811 1124 898 Obtervabrt
1141 813 1209 895 ita,
1220 811 1268 879 ad
1283 835 1469 905 quamnam
1487 829 1752 905 temperaturam
1768 818 1962 913 evaporatio
1978 821 2016 888 in
2038 817 2123 886 tubo
2138 825 2249 896 vitrea
2266 825 2371 896 tbe'r-

672 939 874 990 momatrum
895 923 1108 1014 perdaneret
1128 925 1204 1012 (Ἴ.

716 1035 776 1099 iiia
797 1037 1041 1128 experimentis
1067 1054 1179 1106 motna
1207 1033 1272 1102 init
1291 1035 1436 1120 Lerlir,
1467 1052 1507 1104 nt
1531 1035 1676 1136 timitem
1695 1038 1786 1108 viam
1807 1039 1930 1120 iniret,
1956 1060 2171 1136 poneretq··e
2194 1046 2376 1117 doctrinm.

670 1161 807 1213 nestrae
828 1150 1015 1241 priaeipia.
1061 1149 1135 1216 Hoc
1155 1164 1268 1214 antem
1292 1147 1368 1216 loeo
1390 1165 1604 1218 recensemus
1629 1165 1783 1230 tantum,
1814 1167 1903 1242 quiae
1927 1159 2085 1241 tentarit,
2119 1177 2302 1248 antequam
2327 1161 2369 1226 de

672 1255 843 1324 induetria
875 1258 941 1324 hoc
973 1274 1209 1346 argumentum
1237 1256 1390 1342 agitaret.
1435 1265 1501 1331 Per
1531 1262 1616 1330 duee
1644 1263 1875 1349 igiturannoe
1894 1263 1932 1330 iu
1951 1283 2049 1332 asum
2076 1271 2375 1355 meteorologieum

672 1365 833 1434 adhibuit
857 1368 1139 1436 'tbermometrum
1161 1381 1329 1457 perquam
1350 1372 1494 1458 sensile,
1517 1375 1554 1440 in
1576 1371 1727 1439 decimae
1747 1371 1915 1458 graduum
1938 1392 2052 1462 partes
2083 1379 2250 1464 divisum,
2274 1383 2370 1472 quod

673 1491 737 1564 per
762 1497 961 1568 apparatum
990 1478 1198 1568 peculiarem
1220 1479 1450 1548 differentiam
1473 1483 1655 1550 exhibebat
1675 1484 1767 1548 inter
1788 1500 2047 1574 temperaturam
2071 1490 2238 1560 initialem
2260 1514 2294 1562 et
2311 1499 2371 1562 in·

670 1605 882 1676 aequantem·
927 1588 1125 1656 Colioaabat
1151 1587 1238 1656 illud
1257 1593 1294 1660 in
1323 1595 1442 1679 exiguo
1468 1595 1612 1684 poculo,
1646 1592 1741 1682 qrrod
1775 1593 1883 1660 forma
1915 1613 1951 1662 et
1982 1595 2152 1666 volumine
2180 1627 2282 1670 ovum
2307 1627 2372 1670 no·

670 1694 863 1768 turstinum
896 1703 1088 1784 referebat,
1118 1717 1263 1790 eratque
1292 1723 1450 1793 paratum
1481 1723 1524 1772 ex
1555 1705 1674 1790 argilla
1702 1725 1867 1794 perquam
1895 1731 2036 1795 perosa.
2071 1708 2142 1774 sere
2170 1716 2370 1801 spongiam,

671 1833 793 1892 aquam
815 1809 915 1878 facite
945 1811 1146 1880 admittente
1175 1815 1394 1902 (bibulum).
1439 1817 1602 1884 Poeulutn
1622 1834 1733 1882 autem
1753 1815 1916 1901 implebat
1933 1845 2020 1909 aqua
2042 1837 2076 1888 et
2098 1820 2209 1888 libere
2231 1850 2367 1914 appen-

673 1915 778 1982 debat
803 1921 862 1986 tito
890 1923 1028 1990 sericea.
1084 1923 1157 2003 Ita,
1189 1947 1277 2015 aqna
1302 1941 1397 1992 trane
1430 1950 1531 2016 poree
1557 1945 1758 2022 evaporata,
1780 1927 2037 2016 deprimebatur
2068 1929 2369 2014 tbermometrunr.

673 2027 767 2115 quod
789 2037 920 2102 auctori
940 2047 1016 2102 erat
1038 2034 1252 2103 humiditatis
1273 2047 1434 2106 mensura
1454 2041 1537 2126 (†).

1453 2237 1485 2320 t·
1531 2236 1585 2320 78·

1302 2468 1305 2474 ι
1327 2421 1386 2490 De
1410 2423 1715 2511 Paycltrometvta.

708 2607 927 2706 Pervenimus
955 2613 998 2678 ad
1023 2615 1268 2702 expositionem
1292 2615 1612 2714 monumentorum,
1639 2639 1726 2710 qnae
1758 2617 1803 2709 ad
1830 2615 1934 2702 frigus
1961 2618 2212 2706 evaporationia
2242 2620 2365 2688 deter-

665 2719 867 2788 minandum
887 2726 1072 2811 excogitata
1097 2725 1202 2824 fuere.
1247 2729 1322 2794 Jam
1353 2743 1451 2792 antea
1472 2729 1643 2806 diximus,
1666 2750 1705 2796 ea
1734 2729 1783 2794 ita
1813 2749 1884 2794 ease
1908 2725 2099 2816 simplicia,
2121 2745 2160 2793 ut
2184 2731 2268 2794 nibil
2293 2733 2363 2800 iere

667 2831 733 2897 niti
756 2833 1000 2904 ther-montana
1027 2843 1157 2927 postule
1163 2859 1212 2906 nt.
1259 2839 1350 2907 Haec
1371 2858 1484 2909 autem
1504 2841 1631 2909 idonea
1652 2843 1785 2906 ratione
1807 2840 1847 2904 ad
1868 2853 1965 2904 nsum
1984 2855 2135 2904 nostrum
2157 2839 2370 2910 adornarunt

665 2942 741 3009 cell
764 2947 865 3012 Lea
838 2951 907 3026 te
930 2953 1110 3026 Lib-licta,
1140 2955 1299 3020 natac
1301 2955 1365 3019 ‹Ier
1388 2971 1424 3019 et
1446 2953 1705 3042 Augaeat(§)

708 3055 827 3123 Laeti.
857 3059 1017 3151 quidem,
1044 3063 1182 3130 ulterius
1209 3064 1418 3131 elaborans'
1409 3091 1445 3130 ιιι
1465 3065 1728 3150 experimentis,
1751 3065 1795 3130 de
1816 3063 1942 3152 quibus
1964 3063 2187 3154 praecedeuti
2212 3070 2231 3152 §
2258 3083 2371 3134 aetum

657 3161 748 3246 fuit,
770 3171 1073 3245 Thermemetrum
1097 3175 1342 3256 differentiam,
1367 3181 1464 3263 cujna
1484 3177 1719 3243 inventionem
1739 3175 1806 3240 sibi
1829 3171 2002 3255 vindieat,
2024 3172 2125 3240 etiam
2148 3197 2212 3239 usn
2234 3174 2366 3264 bygro·

663 3282 806 3374 metrico
839 3285 1015 3360 adhibuit.
1060 3288 1202 3358 Constat
1223 3291 1494 3357 instrumentum
1519 3311 1561 3356 er
1587 3288 1670 3354 tubo
1699 3287 1830 3369 vitreo,
1851 3287 2031 3364 incurvato
2056 3282 2128 3350 fere
2155 3283 2199 3351 ad
2221 3284 2368 3357 formam

663 3388 783 3460 literae
805 3397 858 3480 U,
882 3399 925 3468 ad
947 3404 1043 3489 enjus
1064 3420 1249 3494 utrumqne
1276 3404 1384 3471 finem
1409 3401 1529 3489 globua
1557 3397 1653 3466 adest
1675 3399 1815 3467 vitreus.
1859 3397 1920 3466 His
1949 3397 2147 3465 continetur
2170 3404 2249 3479 aer,
2283 3399 2368 3466 tubo

666 3520 778 3570 antem
809 3510 945 3582 aeidum
969 3515 1230 3604 enlpburienm,
1252 3513 1367 3584 eolore
1394 3515 1504 3579 rubro
1534 3515 1701 3590 tinctum.
1732 3511 1866 3603 qnippe
1890 3509 2005 3600 liquor
2040 3509 2268 3599 ponderosus,
2300 3535 2368 3579 nee

667 3621 938 3702 evaporationem
961 3627 1084 3696 inient.
1128 3629 1165 3696 si
1189 3630 1259 3713 jam
1281 3643 1431 3714 uterque
1454 3623 1573 3710 globus
1597 3623 1743 3689 eandem
1768 3623 1893 3692 babeat
1922 3638 2204 3714 temperaturam,
2227 3621 2293 3688 erit
2315 3621 2365 3687 li·

668 3749 755 3814 quot·
775 3730 812 3796 in
836 3735 959 3822 quiete.
1005 3739 1042 3808 Si
1066 3761 1147 3808 vero
1170 3737 1333 3806 alteruter
1364 3735 1518 3812 calefiat,
1541 3735 1630 3798 airis
1654 3732 1831 3798 elastieitaa
1856 3732 2033 3814 augebitur
2052 3748 2086 3794 et
2105 3731 2221 3814 liquor·
2239 3731 2281 3793 ab
2302 3731 2368 3800 bae

669 3855 768 3926 parte
791 3841 990 3923 descendet.
1034 3853 1085 3918 Ut
1111 3871 1192 3937 ergo
1219 3845 1307 3916 acala
1334 3845 1422 3915 buia,
1442 3845 1672 3909 instrumento
1692 3853 1910 3928 apponatur,
1934 3860 2011 3901 anm
2032 3836 2175 3928 reliquis
2206 3837 2363 3908 thermo·

667 3954 784 4020 metris
806 3961 1069 4052 comparabilia,
1099 3980 1244 4052 uterque
1270 3959 1389 4050 globus
1414 3956 1459 4025 ad
1489 3953 1634 4024 eandem
1656 3965 1920 4048 temperaturam
1941 3947 2156 4036 perducitur.
2203 3953 2364 4042 Liquoria

666 4077 772 4132 ttatns
796 4070 905 4140 aculae
925 4077 1062 4162 initium
1083 4091 1155 4143 tum
1180 4074 1364 4143 indicabit.
1398 4069 1543 4142 ·Deinde
1568 4065 1733 4136 alteruter
1753 4089 1793 4134 ιο
1810 4060 1934 4149 gradus
1952 4059 2005 4129 tel
2026 4062 2156 4139 calefit,
2178 4061 2232 4128 vel
2251 4061 2360 4128 resti·

665 4195 811 4261 geratur.
855 4184 1053 4254 Annotatur
1073 4185 1188 4256 denuo
1210 4186 1356 4274 liquoris
1373 4198 1479 4250 etatua
1505 4195 1540 4247 et
1559 4180 1706 4272 spatium
1728 4195 1930 4266 percursam
1946 4174 1983 4240 in
2005 4196 2066 4243 too
2085 4173 2209 4261 gradus
2229 4173 2365 4238 dividi·

666 4305 734 4357 tur.
779 4295 897 4386 Quum
922 4321 1002 4386 argo
1026 4295 1150 4386 singuli
1177 4295 1302 4382 gradus
1335 4293 1466 4380 bujaa
1456 4290 1725 4360 tnatrumenti¹
1698 4333 1742 4378 Π
1758 4286 1881 4376 gradui
1908 4285 2186 4352 thermometrieo
2213 4307 2367 4376 respon-

665 4400 786 4484 deant,
815 4427 961 4502 propter
993 4413 1163 4497 insignem
1193 4407 1284 4474 ae'rie
1323 4403 1616 4486 dilatabilitatem,
1649 4399 1892 4470 minutissimae
1911 4395 2087 4464 indicabit
2112 4411 2367 4484 temperaturae

662 4511 923 4594 immutationea.
981 4523 1072 4592 Ut
1061 4543 1131 4608 Jam
1157 4518 1198 4585 in
1221 4515 1520 4607 psyebrometrum
1541 4527 1783 4598 eonvertatur,
1815 4507 1941 4580 bulbne
1974 4507 2060 4577 alter
2081 4531 2198 4600 panno
2223 4505 2368 4638 madido

2304 4641 2370 4688 m..

581 4843 587 4852 -
703 4807 738 4880 (
749 4809 919 4878 )Τιιιιιιιῑ,
937 4811 971 4872 oi
982 4807 1085 4868 Edinb.
1104 4809 1128 4867 1.
1147 4815 1224 4880 rate
1240 4817 1269 4867 et
1287 4811 1390 4870 Gren’a
1412 4803 1577 4868 tourutv.
1595 4807 1691 4872 aare
1707 4804 1742 4864 ei
1759 4803 1878 4864 Danieli
1892 4799 2012 4860 Meteon
2033 4799 2133 4876 Karape
2149 4815 2214 4876 pag.
2234 4811 2292 4876 192.

701 4903 929 4976 Himeraeae
945 4907 1044 4966 taum.
1059 4903 1094 4962 oi
1108 4901 1174 4961 Nat.
1191 4903 1267 4964 Phil.
1287 4903 1358 4970 Vol.
1372 4901 1423 4962 111
1441 4921 1505 4981 pag
1524 4907 1575 4973 ter
1600 4911 1630 4962 et
1647 4907 1706 4962 sat.
1723 4898 1758 4961 ef.
1777 4899 1888 4960 otther
1903 4895 2031 4959 ban
2049 4913 2112 4976 pag
2133 4893 2282 5000 185.ι

702 4999 748 5072 ttt
767 4998 833 5060 tta.
850 5003 985 5070 ranvt
1001 4999 1068 5078 fias.
1085 5003 1216 5068 ιιι-ιι
