5216 6270
506 538 827 617 aestuosto
862 557 924 614 tn
960 529 1383 635 Qtltttsttoutttt
1416 543 1714 620 ttttstcttt.
1921 577 1959 642 ¹7

1035 763 1070 853 ς.
1097 760 1169 906 ὃι8.
1314 729 1317 748 ²

798 967 861 1036 De
882 967 1035 1038 diseede
1055 965 1219 1038 methodi
1232 963 1420 1056 portibus.

302 1168 601 1262 Quandoquidem
621 1170 784 1239 materiae
805 1171 1071 1264 hygrosoopiuse
1094 1173 1255 1242 volumen
1286 1171 1329 1238 ab
1355 1167 1563 1260 aequilibrio
1588 1167 1742 1260 pendeat
1768 1174 1863 1246 inte's
1890 1195 1955 1250 vad

257 1285 353 1380 poris
375 1285 564 1353 tensionem
590 1300 627 1352 et
650 1285 720 1355 vitu
742 1285 903 1354 materiae
934 1281 1224 1364 conuenientem.
1246 1285 1423 1376 seqnitur,
1442 1280 1529 1350 illud
1548 1282 1705 1354 indicare
1723 1289 1811 1356 airis
1829 1289 1955 1386 dispo·

253 1391 439 1483 sitionem,
472 1400 632 1468 materiae
667 1421 833 1490 uaporem
862 1397 1022 1469 sedendi.
1076 1399 1125 1468 Ut
1160 1416 1272 1467 autem
1303 1419 1346 1464 ex
1375 1395 1442 1464 heo
1477 1397 1704 1490 dispositione
1734 1419 1957 1490 cognoscatur

253 1503 407 1578 absoluta
432 1514 568 1601 vaporis
599 1513 792 1604 quantitas,
813 1534 901 1604 opus
926 1513 995 1582 etit
1013 1511 1171 1583 formulis
1200 1509 1395 1604 empiricis,
1418 1533 1506 1602 quae
1532 1511 1627 1580 illam
1655 1511 1701 1582 ad
1729 1511 1819 1590 hetto
1839 1514 1952 1586 nodu-

251 1637 332 1687 oete
351 1622 495 1712 possint.

301 1730 404 1804 Patet
424 1759 523 1826 ergo,
547 1737 680 1833 duplici
699 1757 799 1832 parte
818 1755 971 1810 nostram
991 1741 1193 1812 methodum
1214 1741 1405 1808 contineris

295 1865 330 1913 ι.
351 1847 626 1940 observatione,
652 1880 741 1949 queo
763 1855 806 1923 fit
825 1877 891 1945 pet·
911 1853 1203 1940 instrumentum,
1430 1837 1439 1862 ³

295 1975 328 2024 a.
351 1957 513 2050 Calculo,
534 1989 577 2034 ox
597 1969 840 2064 experimentis
861 1967 947 2038 alins
969 1967 1147 2058 eujusdam
1168 1969 1302 2054 generis
1324 1964 1491 2034 derivato.

295 2069 372 2137 Jam
396 2095 478 2140 tero
504 2077 551 2143 de
575 2095 723 2168 utroque
745 2099 947 2170 argumento
972 2084 1147 2150 succincte
1167 2083 1216 2148 ita
1235 2103 1387 2168 agemus,
1406 2095 1469 2164 ut,
1489 2094 1675 2174 postquam
1696 2078 1843 2148 vidimus
1864 2077 1949 2174 quid

253 2177 375 2264 attingi
402 2179 549 2261 debeat,
584 2186 800 2255 conditiones
831 2192 999 2280 quasdem
1023 2208 1214 2276 ponamus,
1248 2189 1373 2277 quibus
1406 2193 1436 2258 si
1475 2189 1581 2259 fuerit
1613 2191 1843 2276 satisfactum,
1874 2215 1954 2263 vora

251 2285 368 2358 edesse
393 2287 635 2384 Hygrometria
656 2317 793 2390 potest3
818 2298 901 2376 dein
928 2321 1012 2372 tero
1040 2320 1280 2390 exponamus,
1308 2299 1481 2389 quomodo
1507 2302 1561 2370 his
1588 2304 1744 2376 satisfiat.

1039 2498 1075 2586 ς.
1120 2516 1172 2585 ¹9·

790 2687 853 2761 De
878 2691 1121 2764 Instrunwnti
1140 2687 1420 2760 conditionibus.

291 2882 359 2952 Pon
384 2883 650 2972 Hygtomettum
673 2883 855 2974 positivam
875 2883 1051 2978 quandam
1069 2858 1226 2956 noi-mam
1244 2887 1403 2954 obtinere
1427 2880 1601 2976 cupimus,
1625 2902 1714 2976 qnae
1743 2900 1873 2957 certam
1893 2911 1949 2960 re·

249 2997 321 3066 ient
348 2994 485 3088 saporis
511 2995 771 3083 conditionem,
797 2998 909 3093 qualis
941 3015 981 3067 ut
1002 2997 1187 3084 habeatur,
1209 3001 1248 3067 in
1274 2998 1335 3066 illo
1360 2996 1608 3089 requiruntust
1743 3041 1746 3047 -

291 3129 324 3178 ι.
345 3131 385 3178 ea
414 3107 622 3194 Mobilitas,
644 3125 685 3180 ut
713 3111 879 3182 contiuuo
908 3111 1000 3181 aeris
1032 3111 1167 3181 indicet
1191 3127 1316 3182 statum
1347 3108 1658 3202 hygnometrioum.
1688 3131 1730 3180 eo
1755 3113 1852 3210 ipso,
1876 3139 1947 3207 quo

142 3217 150 3222 ’
244 3221 449 3293 obtortum·
471 3235 638 3316 tempore.

293 3356 327 3404 s.
359 3333 436 3403 tulis
466 3333 771 3422 Immueotititas,
803 3360 872 3428 qua
901 3337 967 3406 sub
999 3337 1121 3408 isdem
1148 3359 1266 3406 aerum
1298 3333 1473 3421 adjunctis
1500 3331 1596 3399 idem
1617 3354 1754 3423 semper
1785 3335 1943 3408 ostendat

242 3445 417 3516 volumen.
509 3507 510 3510 ,

291 3560 324 3624 3.
345 3555 536 3640 Analogia
555 3556 649 3624 inter
669 3553 806 3644 vaporis
826 3551 1048 3622 mutationem
1069 3567 1104 3621 et
1124 3553 1348 3624 instrumenti
1367 3551 1625 3642 indicationem·

287 3666 323 3736 i·
345 3663 522 3733 Eateneio
545 3665 772 3734 variationum
789 3661 869 3734 sutis
887 3664 1020 3758 ampla,
1042 3683 1082 3734 ut
1097 3667 1153 3738 tel
1177 3671 1332 3757 exiguam
1354 3665 1489 3734 indicet
1512 3666 1648 3756 vaporis
1681 3671 1915 3780 mutationem.

289 3779 323 3849 δ.
348 3777 680 3868 comparatione,
703 3799 772 3868 qut
793 3781 907 3849 omnia
927 3779 1155 3873 Hygrometts
1172 3781 1326 3873 ejusdem
1349 3780 1484 3870 genesis
1510 3802 1646 3873 semper
1663 3781 1785 3854 eodem
1808 3790 1940 3859 tramite

237 3888 447 4002 procedunt.
1020 3984 1041 4069 ς

1044 4023 1055 4046 .
1098 4001 1153 4050 so.

832 4172 895 4246 De
916 4173 1153 4248 instrumenti
1170 4174 1355 4265 portibus.

287 4371 416 4452 Utltas
440 4365 655 4439 conditiones
678 4369 859 4462 expleant,
883 4374 958 4465 ipsa
978 4375 1209 4445 iustrumenta
1236 4367 1368 4466 triplici
1388 4385 1489 4462 parte
1507 4383 1685 4455 constane,
1707 4391 1843 4441 neeesse
1865 4392 1928 4446 est.

243 4486 374 4554 Primo
405 4483 571 4551 nimirum
603 4483 694 4553 adsit
721 4487 895 4574 materis,
928 4489 966 4556 in
999 4512 1104 4580 quam
1135 4486 1206 4582 agit
1234 4507 1343 4576 vapos
1376 4505 1526 4576 aqueus,
1557 4505 1643 4574 qnae
1668 4481 1713 4550 sit
1740 4504 1927 4579 prompte,

242 4595 483 4680 immutabilis,
509 4595 646 4688 ipsique
670 4621 788 4666 musae
816 4601 929 4688 agenti
954 4600 1092 4690 analoga
1115 4597 1244 4686 (cond.
1271 4601 1473 4684 1,a,5.).
1519 4592 1621 4664 Deio
1654 4615 1747 4662 cum·
1762 4617 1931 4690 apparatu

124 4771 132 4784 .
216 4725 466 4780 ‘eonnectitur
497 4707 579 4791 sali,
615 4727 655 4779 ut
689 4712 857 4780 minutam
880 4715 984 4784 etium
1025 4713 1249 4782 mutationem
1288 4705 1504 4778 manifestam
1534 4705 1662 4776 reddat
1694 4713 1707 4791 (
1721 4710 1824 4778 nond.
1854 4715 1923 4799 4.).

247 4821 414 4894 Tandem
429 4843 512 4890 uero
536 4822 627 4892 scala
652 4825 865 4916 requiritur.
889 4810 997 4922 eaque
1017 4814 1060 4896 in'
1084 4828 1179 4898 omni
1210 4823 1439 4894 monumento
1465 4817 1604 4907 similis,
1639 4843 1725 4912 quae
1752 4811 1951 4896 voluminis

240 4933 374 5006 iudicet
396 4935 622 5026 quantiutem
644 4937 773 5028 (nond.
795 4941 860 5026 6.).
1737 4986 1744 4996 ·

946 5071 949 5087 “
1151 5053 1180 5124 C
1818 5051 1851 5138 §s
1873 5067 1927 5124 tt·
