5216 6270
412 547 883 652 ‘'uss'rousronn
918 543 1363 660 Quanshro'uuu'
1387 553 1694 646 uhter-cru.
1858 563 1932 658 Its

230 769 439 852 claudat‚ut
466 761 580 832 nullus
604 757 819 850 hydrargyro
839 753 1048 824 concedatur
1073 754 1257 834 introitus,
1274 755 1337 823 suh
1361 755 1466 849 ipsius
1491 758 1726 844 extractione3
1751 763 1923 854 siquidem

225 885 399 958 vasculum
424 896 459 948 et
483 875 531 944 sal
553 899 594 942 eo
620 863 1405 962 contentummnffimpudn-babeanr
1424 870 1559 934 ratione
1585 871 1740 962 vaporis,
1765 873 1793 938 si
1811 873 1918 943 deni·

226 1022 294 1090 que
313 993 478 1086 ponderis
502 1009 645 1073 augmen
667 997 826 1050 accurata
845 975 984 1046 bilance
1007 977 1097 1044 bane
1117 977 1370 1045 determinetur
1382 1025 1394 1062 ,
1407 981 1540 1066 egregie
1568 981 1631 1047 fini
1649 1006 1710 1048 suo
1730 988 1922 1073 responde·

223 1109 301 1190 bit3
326 1105 408 1172 lieet
424 1103 467 1192 ab
488 1097 593 1197 altera
615 1111 714 1188 parte
734 1092 853 1179 negari
874 1089 958 1173 non}
973 1089 1103 1183 possit,
1128 1087 1213 1156 haec
1237 1093 1370 1170 omnia,
1396 1093 1440 1159 ob
1461 1093 1614 1179 exiguam
1642 1097 1780 1186 uaporis
1804 1105 1921 1185 gravi.

223 1237 329 1288 tatem
354 1231 426 1286 non
453 1211 519 1280 nisi
546 1203 746 1276 difficillime
766 1201 927 1271 obtineri.
967 1197 1094 1287 Quoad
1116 1199 1290 1287 hilances,
1317 1183 1487 1274 tanta'eas
1506 1203 1786 1297 hodiaqnescura
1804 1213 1921 1279 confi-

226 1335 379 1412 ciuntur,
403 1347 442 1396 ut
463 1328 529 1394 hae
554 1327 593 1390 in
619 1342 720 1392 causa
739 1315 797 1386 rix
816 1311 902 1407 quid
929 1310 1121 1379 desiderari
1148 1313 1267 1405 possit.
1310 1315 1516 1382 Aecus-atior
1543 1316 1686 1403 quidem
1710 1320 1800 1387 foret
1821 1345 1917 1411 pon·

224 1443 347 1510 derum
377 1441 530 1522 additio,
554 1458 658 1528 quam
682 1429 872 1506 observatio
894 1425 1024 1510 scalte3
1056 1423 1118 1492 sed
1141 1424 1273 1494 nimum
1296 1451 1335 1494 ea
1354 1428 1505 1522 postulat
1536 1427 1741 1498 observandi
1761 1449 1918 1526 tempus,

221 1582 287 1650 per
308 1553 402 1648 quod
422 1555 536 1642 ipsum
555 1551 680 1617 mutari
698 1549 808 1641 pos'sit
830 1540 919 1610 aeris
939 1535 1108 1607 conditio.
1154 1537 1325 1604 Convenit
1346 1561 1427 1624 ergo
1447 1540 1587 1632 omnino
1607 1541 1716 1624 scala,
1738 1543 1923 1632 perindi-

225 1693 300 1738 cem
325 1665 586 1758 percurrends3
612 1685 698 1753 quse
724 1655 908 1726 methodus
929 1652 973 1724 ad
995 1671 1152 1736 magnam
1182 1650 1432 1738 perfectionem
1451 1650 1578 1718 adduci
1602 1654 1710 1742 possit
1736 1677 1801 1745 per
1821 1657 1921 1740 juno.

222 1801 296 1850 tum
316 1780 442 1849 indicis
473 1779 564 1870 apici
585 1773 869 1868 micrompium,
902 1762 1176 1841 momentum,
1200 1761 1295 1853 quod
1319 1762 1445 1849 gradus
1469 1763 1662 1832 declararet
1693 1768 1730 1832 in
1756 1767 1924 1837 divisione

225 1920 393 1984 perquam
414 1892 532 1960 subtili
555 1909 589 1960 ct
614 1906 782 1974 accurate.
845 1879 950 1974 Quod
978 1898 1059 1947 vero
1078 1873 1121 1942 ad
1147 1873 1349 1942 artificiosus
1377 1877 1443 1946 Cll.
1463 1879 1706 1966 Descguh'era
1727 1897 1762 1945 et
1781 1883 1926 1950 Lowit,

221 2027 402 2096 apparatus
430 2009 573 2090 attinet,
604 2005 666 2072 hos
696 1995 905 2090 rejiciendos
929 2008 1110 2089 putamus,
1155 2003 1285 2098 utpote·
1310 1991 1410 2057 nimis
1437 1989 1677 2080 complicatos3
1704 2015 1776 2083 quo¹
1800 1993 1862 2078 fit,
1885 2011 1925 2059 ut

223 2117 323 2188 facile
344 2121 385 2186 iu
407 2140 540 2183 errores
561 2115 703 2178 ducant.
1568 2091 1572 2098 '

1005 2292 1040 2378 §r
1064 2289 1155 2382 .,1.⁶.·.

913 2579 916 2586 Ι
980 2481 1184 2563 Conclusio.

1656 2600 1660 2614 .
1702 2608 1706 2639 ,
1874 2617 1878 2622 ,

267 2687 455 2797 'Postquam‘
473 2717 556 2784 ‘ergo
589 2690 735 2779 singulas
756 2687 861 2774 huius
891 2678 1048 2750 methodi
1068 2689 1183 2770 partes
1213 2667 1428 2748 lustravimus
1454 2699 1495 2746 ac
1530 2678 1815 2768 dijudicavimus,
1838 2683 1923 2753 hino

212 2804 463 2917 'quiaestionam
479 2805 649 2876 decidere
672 2797 871 2868 convenieta
897 2812 982 2862 num
1002 2817 1065 2897 ea,
1083 2815 1172 2897 quae
1195 2787 1288 2881 apud
1307 2791 1465 2885 physices
1491 2783 1646 2864 auctores
1659 2795 1916 2882 immituntur,

228 2939 309 3014 data
331 2923 539 3024 problemhti
571 2931 690 2986 nostro
711 2908 767 2982 uel
788 2911 923 2996 integre
942 2902 1264 2996 reiquadantanus
1293 2895 1457 2976 soluendo
1486 2895 1680 2977 sufficiant?

241 3034 250 3067 '
267 3048 321 3116 Ex
343 3038 525 3129 'disputatis
543 3048 660 3099 'autam
680 3025 758 3094 satis
786 3019 1002 3128 manifestum
1022 3033 1203 3108 putamus,
1225 3021 1430 3089 methodum
1457 3023 1530 3091 Cel.
1556 3013 1922 3115 (drayton-Momm,

208 3160 255 3236 s'i
280 3173 436 3232 accurate
461 3143 708 3246 pertundetur,
730 3141 886 3209 sufficere
911 3135 955 3204 ad
977 3135 1114 3224 viperis
1134 3136 1359 3226 quantitatem
1377 3139 1411 3203 in
1436 3135 1664 3207 determinata
1685 3142 1922 3229 cujuscunque

205 3261 316 3355 ‘'a'e'ris
339 3258 440 3365 parte
467 3254 722 3333 inveniendam.
768 3255 886 3343 Quum
909 3249 1120 3319 veroomnis
1145 3253 1283 3352 vaporis
1302 3253 1553 3341 separationem
1578 3253 1732 3338 postulet
1753 3267 1788 3317 et
1811 3251 1920 3339 ipsam

205 3371 317 3490 {birris
334 3383 576 3455 conditionem
599 3379 774 3452 immutet,
797 3367 972 3456 sequitur,
991 3384 1067 3428 eum
1096 3383 1161 3427 nec
1183 3355 1469 3444 meteorologico,
1490 3359 1643 3428 nec-elii
1668 3363 1745 3427 usui
1772 3363 1930 3450 practico

215 3479 391 3578 'inseruire
414 3500 532 3588 posse,
551 3487 623 3552 'nisi
646 3479 856 3545 themiso-“¹
926 3493 929 3504 ·
961 3494 969 3508 ’
1021 3493 1027 3508 ·
1076 3485 1083 3508 ¹
1165 3498 1168 3506 Δ

254 3593 395 3700 'Quoad
417 3607 559 3669 alteram
578 3589 803 3662 methodum,
818 3581 1039 3651 Exsiccautia
1059 3577 1189 3675 bilrnoi
1207 3599 1364 3670 appensa
1380 3578 1529 3646 subinde
1546 3559 1748 3650 fenerandi
1757 3603 1856 3670 sunt,
1868 3601 1923 3667 et,

203 3713 212 3762 t
226 3705 333 3835 dfiuss
357 3700 540 3814 admodum
567 3701 707 3814 difficile
739 3701 806 3782 sit,
828 3695 980 3791 perfecte
1002 3695 1145 3762 eandem
1173 3693 1233 3762 hic
1258 3694 1417 3762 obtinere
1444 3693 1585 3762 iliorum
1621 3699 1923 3788 compositionem,

204 3831 379 3910 ”materiei
407 3829 554 3912 rejectae
573 3811 743 3919 'scala‘uix
763 3835 869 3880 norae
892 3807 1059 3878 inservire
1079 3809 1199 3905 possit.
1244 3809 1337 3876 Hine
1356 3807 1465 3876 totum
1481 3811 1749 3880 instrumentum
1769 3837 1840 3882 uon
1859 3825 1923 3882 est·

203 3937 325 4022 ''hiher
351 3921 564 4014 constantem
586 3915 872 4012 observationem.
1377 3913 1382 3928 '

209 4067 216 4088 ’·
255 4047 343 4134 ‘Hoc
370 4031 511 4150 quidam
532 4049 616 4116 vitio
635 4045 748 4111 minus
768 4027 903 4104 iato'rar
922 4036 1024 4102 tertia
1047 4033 1243 4102 methodus.
1290 4015 1831 4129 Quandoquidem‘veroneque
1852 4041 1920 4108 ab·

224 4145 440 4254 sorbentium
456 4141 785 4254 hygroscopi'coruni
802 4141 969 4217 iudicatio
993 4145 1156 4216 constans
1183 4145 1246 4234 sit,
1267 4145 1383 4238 neque'
1407 4147 1642 4239 experimenta
1655 4147 1801 4222 'suerint'
1819 4137 1924 4224 iirsti.

206 4269 319 4379 'inm
342 4283 467 4380 quibus
489 4301 530 4379 ea
551 4297 627 4343 eum
645 4269 732 4338 atris
754 4263 951 4350 conditione
972 4278 1252 4354 compararetur,
1275 4263 1431 4354 sequitur
1453 4261 1544 4329 hanc
1566 4237 1767 4334 methodum
1788 4291 1859 4336 non
1883 4295 1924 4340 eo

208 4389 449 4502 'periectionis
474 4388 576 4458 fuisse
597 4383 798 4489 adductam,
818 4395 857 4444 ut
881 4367 1088 4486 problemati
1110 4392 1230 4443 nostro
1251 4371 1416 4445 soluendo
1437 4391 1524 4444 esset
1548 4390 1639 4465 apta.
1684 4377 1781 4442 'Palis
1809 4395 1923 4452 autem

206 4500 269 4586 ‘iit
288 4514 401 4586 fieret,
427 4497 684 4599 integra'scries
706 4495 1020 4584 experimentorum
1039 4485 1336 4578 ‘subtilissimorum
1353 4489 1575 4580 requiratur,
1598 4484 1641 4552 a'd
1662 4487 1833 4560 rationem
1852 4493 1919 4563 ὼ.

229 4625 480 4701 terminandam
498 4619 589 4683 inter
609 4605 744 4706 vaporis
767 4593 990 4685 densitatem,
1016 4583 1289 4694 temperaturam·
1303 4611 1337 4668 e‘t
1360 4601 1608 4694 quantitatem,
1633 4599 1736 4690 quam
1759 4593 1921 4677 materne

175 4750 179 4756 “
210 4733 490 4836 'hygroscopicaa
522 4725 634 4794 cedat.
663 4717 855 4824 'Quamdiu
889 4741 971 4787 voro
996 4707 1157 4806 materies
1173 4712 1423 4788 desideretur,
1452 4735 1546 4802 quaa
1573 4713 1748 4804 requisitis
1772 4741 1792 4782 a
1821 4722 1923 4792 nohis

209 4835 435 4926 'enumeratis
456 4837 685 4942 respondeat,
707 4834 850 4934 minoris
876 4800 982 4936 pretii
1006 4814 1169 4916 hibenda
1195 4841 1318 4903 erunt,
1351 4846 1577 4916 quaecunque
1603 4824 1707 4914 hujus
1739 4829 1792 4897 rei
1818 4819 1926 4919 g'niia

223 4962 365 5060 ¹institui
385 4959 527 5049 possunt
547 4953 793 5043 experimenti.
827 4956 830 4964 '
890 4949 914 4969 '‘
945 4960 953 4968 '
1123 4963 1127 4970 ’
1289 4940 1312 4970 ”·

1834 5054 1924 5139 suff
