5202 6268
723 527 785 622 104
928 531 1267 614 a-nsxuuuut
1309 531 1528 606 canons
1573 533 1889 608 crustu-nur
1932 535 2207 633 suunuau

720 735 823 802 bilem
850 746 961 802 tamen
981 721 1236 795 conclusionem
1261 719 1389 787 ducere
1416 719 1588 808 potuisss3
1624 715 1718 808 qnod
1742 733 1780 784 nt
1802 717 2036 809 percipiatur,
2059 719 2149 788 nihil
2178 749 2260 796 sane
2286 749 2414 824 restat,

723 865 824 933 qnam
844 853 883 904 ut
905 833 1142 910 admittamus,
1168 851 1303 899 errores
1325 827 1402 896 illos
1426 847 1543 896 mutuo
1558 829 1666 896 'fuisse
1688 845 1935 916 compensator.

765 953 946 1020 Caeterum
965 944 1078 1039 quoad
1098 941 1245 1012 auctoris
1268 937 1540 1024 conclusionem,
1559 939 1603 1008 de
1619 939 1853 1029 discrepantia
1869 939 1959 1006 inter
1975 940 2234 1032 hygrometrnus
2253 961 2415 1048 eflpfflm

726 1081 761 1131 et
780 1080 967 1150 utrumqne
991 1071 1127 1123 nostrae
1146 1050 1303 1122 methodi
1319 1051 1604 1158 instrumentum,
1627 1047 1749 1115 nititur
1770 1048 1856 1115 haec
1873 1053 2077 1141 computatis
2092 1061 2308 1132 scrutationis
2327 1093 2413 1156 gra.

724 1175 837 1241 dibus.
888 1173 937 1240 At
963 1190 1045 1238 sero
1060 1189 1105 1233 ex
1128 1167 1168 1234 iis
1189 1189 1276 1256 qnae
1299 1182 1399 1234 autea
1428 1167 1497 1250 jem
1518 1162 1787 1250 disputavimus,
1812 1160 1951 1227 abunde
1970 1171 2088 1250 patc't,
2112 1169 2345 1254 experimenta
2364 1181 2411 1249 el.

728 1286 997 1374 Gay-Lassae,
1020 1275 1130 1344 fidem
1152 1276 1329 1366 quandam
1356 1273 1481 1342 mereri
1500 1273 1664 1364 quidem,
1687 1294 1758 1342 non
1781 1294 1867 1342 reru
1884 1271 1974 1338 nltra
1994 1272 2120 1346 limites
2138 1282 2413 1358 observationum

727 1395 868 1463 extendi
889 1412 999 1480 porse.
1038 1383 1135 1452 Hinc
1159 1385 1286 1469 igitur,
1322 1384 1451 1454 etiamsi
1469 1381 1706 1461 admittamus,
1740 1383 1835 1472 quod
1859 1385 2091 1477 maximopere
2113 1390 2316 1461 indubium
2347 1422 2411 1466 uo-

728 1495 1080 1583 candumest,ruodo
1100 1511 1280 1582 peccatum
1304 1498 1408 1566 fuisse
1428 1521 1447 1564 a
1469 1511 1569 1586 perte
1587 1493 1905 1586 hygrosaopiae,ea
1927 1514 2059 1585 tamen,
2076 1525 2164 1592 quae
2185 1503 2413 1576 instruerem

726 1610 893 1678 adscribit
911 1601 1207 1697 Bunmgortner,
1230 1607 1312 1681 titis
1333 1607 1455 1676 eodem
1481 1609 1559 1693 jure
1581 1599 1704 1672 tubulis
1732 1593 1832 1674 doct.¹
1853 1609 1912 1680 W
1909 1609 2026 1676 iukler
2047 1611 2152 1677 tribui
2179 1617 2321 1700 possins,

767 1719 821 1786 Ε*
846 1717 1027 1806 di'immi'
1057 1717 1385 1804 ⁰⁰fl⁰ssim¹t⁵n=ratoe
1415 1715 1489 1782 eliis
1514 1718 1741 1801 srtgumentis,
1776 1739 1865 1807 quae
1896 1717 2045 1786 subinde
2074 1723 2144 1808 jam
2174 1727 2414 1808 excitavimus,

727 1831 831 1910 moti,
852 1829 944 1915 ipsas
968 1829 1114 1894 auctoris
1142 1829 1375 1900 conclusiones
1405 1847 1476 1891 non
1496 1847 1680 1910 negemus,
1704 1830 1794 1900 viam
1813 1843 1947 1908 tamen,
1970 1853 2034 1922 per
2052 1855 2157 1921 quem
2179 1857 2220 1904 eo
2233 1839 2411 1926 pervenit,

728 1933 1009 2028 eiutwdisstt'e,
1032 1951 1070 2012 ut
1093 1957 1163 2008 non
1185 1957 1391 2026 magnopere
1411 1934 1485 2002 illas
1506 1935 1701 2006 confirmet.

1510 2131 1546 2222 i·
1590 2132 1644 2222 98·

1477 2327 1675 2397 Conclusio.

765 2523 909 2588 Nostrae
926 2519 1151 2607 disputationi
1171 2518 1276 2584 finem
1300 2518 1514 2608 imposituri,
1537 2515 1797 2599 concludimus,
1820 2522 1864 2584 ad
1886 2541 2045 2606 maguam
2066 2529 2208 2616 quidem
2229 2529 2414 2600 doetrinae

723 2630 891 2714 fastigium
923 2624 1143 2694 adscendisse
1183 2643 1335 2694 nostram
1362 2625 1571 2696 methodum.
1628 2627 1829 2694 Comhinata
1858 2629 1951 2694 enim
1983 2629 2049 2695 luit
2072 2657 2149 2699 cum
2178 2639 2414 2710 subtilissimis

690 2779 693 2786 ·
724 2739 980 2832 quaestionibus
1002 2736 1153 2828 physicis
1181 2755 1215 2806 et
1240 2762 1280 2805 er
1299 2738 1428 2804 intimis
1450 2735 1626 2803 doctrinae
1646 2734 1883 2822 penetralibus
1912 2735 2048 2804 educta.
2094 2741 2131 2806 Si
2157 2764 2240 2814 vero
2265 2749 2409 2820 interae

724 2872 956 2941 componemus
980 2849 1376 2940 thermolrygrometr'iam
1406 2864 1441 2913 et
1461 2846 1792 2938 psychrometriam,
1817 2863 1930 2936 patet,
1954 2869 2024 2915 uon
2049 2851 2171 2922 eodem
2200 2861 2313 2946 pretio
2331 2863 2410 2932 illas

665 3019 670 3028 ,
726 2985 797 3030 esse
818 2960 1055 3028 aestimandas.
1093 2961 1140 3026 ln
1164 2961 1222 3028 iila
1243 2961 1335 3026 enim
1356 2961 1549 3031 observatio
1567 2955 1814 3041 difficilis-eet,
1836 2981 1950 3048 neque
1979 2963 2072 3028 omui
2100 2964 2206 3034 dubio
2226 2971 2414 3059 immunis,

724 3077 761 3141 iu
779 3074 844 3140 bac
862 3089 977 3139 uatem
991 3069 1102 3137 facilis
1118 3088 1152 3139 et
1167 3087 1271 3138 certe.
1296 3071 1515 3139 Contrarium
1529 3075 1566 3138 iu
1580 3091 1697 3140 esrum
1712 3072 1844 3139 theoria
1858 3071 2006 3140 obtinet.
2033 3073 2220 3168 Utriusque
2236 3083 2413 3172 principia

724 3183 866 3280 quidem
879 3183 958 3250 satis
976 3181 1078 3252 firma
1093 3183 1252 3250 nituntur
1266 3184 1350 3252 basi.
1372 3185 1412 3254 ln
1426 3183 1485 3250 illa
1499 3207 1581 3252 vero
1595 3184 1725 3252 theosis
1737 3183 1879 3276 simplex
1890 3227 1902 3259 .
1913 3182 2092 3270 expedita,
2108 3186 2268 3260 formulas
2277 3197 2412 3285 'praeti-

724 3300 871 3368 cassatis
885 3311 1058 3364 accuratas
1070 3295 1211 3363 exhibet
1223 3343 1233 3374 ,
1244 3296 1333 3362 dnm
1344 3295 1380 3364 in
1395 3296 1458 3362 hac
1469 3343 1479 3380 ,
1490 3316 1658 3388 perquam
1669 3297 1894 3389 complicem,
1904 3297 1961 3364 vix
1974 3295 2018 3362 sd
2031 3312 2139 3362 certas
2153 3299 2282 3384 regulus
2294 3303 2410 3372 ducit.

724 3413 760 3478 Si
779 3411 870 3477 enim
888 3424 1081 3478 constantes
1102 3409 1289 3476 theoretice
1309 3405 1603 3486 determinentur,
1614 3409 1813 3478 luctandum
1829 3424 1880 3476 est
1897 3429 1977 3476 cum
1994 3407 2125 3476 fallacia
2144 3411 2409 3498 experimento-

724 3543 821 3596 rum.
838 3543 924 3609 quae
940 3541 1012 3587 non
1030 3523 1098 3588 nisi
1114 3521 1289 3590 indirecte
1307 3521 1671 3612 ad'pspehrometriam
1693 3521 1887 3612 pertinent,
1901 3524 1930 3587 si
1949 3541 2030 3590 vero
2050 3545 2092 3588 ex
2113 3521 2413 3594 observationibus

725 3629 1011 3726 meteorologicis,
1036 3631 1181 3698 circulus
1206 3632 1278 3699 fere
1303 3632 1431 3720 logicus
1455 3636 1575 3701 oritur.
1620 3631 1759 3702 Scilicet
1787 3635 1862 3726 ipsa
1889 3633 2144 3726 stmosphaerae
2174 3633 2326 3706 conditio
2350 3659 2412 3707 res

728 3744 872 3809 obscure
889 3753 959 3822 est,
971 3761 1036 3828 per
1051 3740 1314 3828 hygrometriarn
1333 3744 1557 3832 illustrandas
1573 3746 1755 3814 methodus
1776 3764 1905 3826 autem,
1917 3767 2005 3832 qnae
2019 3743 2173 3832 perfecte
2186 3745 2280 3812 hunc
2299 3749 2414 3818 finem

727 3851 861 3946 explet,
884 3851 1080 3921 etiamnunc
1106 3853 1143 3920 in
1169 3850 1371 3921 desideratis
1397 3855 1552 3927 habetur.
1597 3858 1686 3923 Hinc
1705 3854 1882 3948 sequitur,
1905 3854 2016 3945 ipsum
2039 3869 2196 3920 nostrum
2216 3879 2414 3942 argumen-

729 3985 801 4034 tum
822 3965 977 4033 nondnm
998 3989 1069 4033 esse
1086 3965 1296 4034 exhaustum.
1333 3968 1577 4060 Erpe‘rimente
1598 3969 1714 4037 adhuc
1730 3969 1926 4045 deliciunt,
1947 3990 2035 4057 ,quse
2051 3965 2191 4034 directe
2210 3989 2326 4036 eorum
2343 3969 2419 4036 in-

726 4093 992 4152 strumentorum
1009 4077 1257 4150 indicutionem
1274 4079 1464 4150 illustrant.
1504 4085 1549 4150 In
1565 4105 1695 4168 genere
1719 4100 1832 4152 temen
1855 4081 2079 4173 praeferimus
2101 4077 2424 4170 psychrometriam

731 4189 1133 4276 themohygrometrise,
1157 4215 1284 4282 quum,
1307 4192 1436 4260 etiamsi
1469 4193 1593 4256 mutari
1625 4196 1733 4279 possit
1754 4196 1827 4278 ejus
1851 4191 1999 4268 theoria,
2023 4205 2183 4256 manesnt
2209 4206 2317 4252 tamen
2342 4194 2420 4257 ob-

730 4301 953 4380 servationes,
988 4303 1112 4390 quibus
1137 4303 1323 4370 fidendum*
1353 4319 1436 4370 ests
1466 4303 1620 4368 Maxime
1647 4280 1848 4391 speramus,
1882 4295 1957 4360 sore
1982 4313 2021 4358 ur
2053 4300 2134 4364 boc·
2150 4315 2418 4387 argumentum,

729 4413 950 4500 physicorum
980 4415 1166 4482 attentione
1188 4413 1439 4500 dignissimum,
1461 4413 1603 4482 ulterius
1624 4407 1865 4502 experimentis
1887 4405 2078 4492 indagetur.

774 4523 953 4610 Siquidem
980 4525 1087 4610 dam,
1121 4549 1223 4618 quam
1249 4527 1322 4612 'iarn
1347 4529 1603 4616 percurrimus,
1630 4545 1699 4588 uuo
1724 4535 1910 4604 conspectu
1937 4505 2139 4597 lustremus,
2162 4517 2310 4605 patebit,
2333 4521 2414 4611 hy-

717 4637 952 4718 'grometriam
976 4657 1015 4702 eo
1037 4637 1141 4725 magis
1168 4640 1255 4706 veris
1275 4637 1488 4730 hygrologiae
1516 4633 1698 4724 principiis
1722 4630 1823 4696 luisse
1850 4628 2052 4710 fundatam,
2077 4652 2145 4717 quo
2170 4627 2293 4716 magis,
2315 4633 2411 4698 reli-

731 4747 808 4840 quis
838 4747 1072 4813 instrumentis
1104 4753 1249 4840 spretis,
1282 4748 1325 4816 ad
1353 4749 1634 4816 thermometrum
1656 4745 1758 4812 unice
1787 4740 1995 4826 confugeret.
2041 4737 2238 4850 Hoc'euilm·
2257 4741 2416 4830 prinpum

624 4918 631 4948 ,
722 4855 922 4928 adminiculi
949 4855 1026 4924 loco
1058 4861 1270 4946 adhibitum,
1307 4859 1569 4954 hygsoscopiam
1611 4858 1646 4926 in
1696 4852 1965 4947 hygrometriam
2002 4849 2194 4957 emmila,
2237 4851 2415 4978 Deinceps

2340 4988 2415 5053 lp·
