5216 6270
704 575 743 624 rr
934 549 1264 622 ncnxnttnttt
1306 549 1517 624 cauom
1561 549 1873 628 Gntctnuttt
1916 551 2187 630 suenttntt

705 761 773 828 per
797 737 986 830 appositam
1017 733 1141 802 circuli
1168 755 1319 830 partem,
1351 740 1448 820 cujus
1479 752 1638 806 centrum
1661 753 1794 808 -ceutro
1819 756 1932 810 motus
1955 740 2187 827 congruebat,
2220 743 2397 818 observari

705 867 829 942 posset.
858 847 982 924 ¹Iudex
1002 864 1136 930 antem,
1158 847 1261 936 hujus
1281 847 1411 933 circuli
1426 847 1555 934 gradus
1583 872 1816 938 percurrent,
1834 872 1908 925 erat
1938 855 1991 922 vel
2020 851 2163 922 bilancis
2183 854 2332 944 lingula,
2355 875 2396 924 nt

705 966 742 1030 in
761 963 996 1030 instrumentis
1024 959 1096 1028 Cll,
1115 963 1246 1051 Boyle,
1270 961 1390 1028 Gould
1420 979 1456 1028 et
1485 962 1757 1050 Hoclrlieimer‚
1780 965 1833 1036 vel
1853 966 1999 1037 alterum
2012 969 2107 1058 scapi
2125 968 2332 1050 brachium,
2355 987 2395 1036 ut

706 1079 743 1142 in
767 1075 993 1168 bygromctris
1019 1075 1174 1142 virorum
1200 1077 1313 1142 Doctt.
1346 1074 1464 1142 Gould
1487 1090 1521 1140 et
1548 1075 1731 1147 Arderon.
1776 1077 1848 1145 Alii
1866 1097 1978 1150 sutem
2007 1079 2158 1148 bilances
2174 1083 2274 1150 variis
2293 1083 2396 1151 indi·

706 1189 802 1256 cibus
821 1204 1022 1258 onerarunt.
1067 1187 1124 1254 Sic
1139 1187 1282 1254 Lowitz
1304 1201 1448 1253 staterae
1482 1185 1642 1273 adjunxit
1664 1205 1869 1280 apparatum
1893 1214 2061 1286 perquam
2090 1193 2331 1280 artificiosum,
2356 1211 2395 1263 ut

708 1301 956 1376 indicationem
974 1299 1062 1367 scala
1078 1300 1201 1367 lineari
1214 1301 1440 1389 conspiceret·
1471 1300 1643 1370 sacomati
1659 1300 1734 1372 scil·
1754 1304 1925 1393 appendit
1944 1322 2097 1374 catenam
2118 1323 2331 1392 argenteam,
2353 1331 2398 1375 ex

708 1411 833 1480 ansulis
850 1431 964 1481 exacte
987 1413 1184 1502 aequalibus
1218 1414 1459 1502 compositam,
1483 1438 1571 1503 quaa
1592 1416 1690 1500 juxta
1714 1413 1839 1482 scalam
1866 1417 2055 1508 pendebat.
2098 1421 2268 1489 Jsmvero
2289 1419 2398 1506 hujus.

707 1543 844 1592 catenae
875 1524 1056 1610 longitudo
1081 1523 1236 1600 diversa,
1270 1541 1310 1590 ut
1341 1523 1583 1617 aequilibrium
1612 1525 1766 1608 adesset.
1796 1528 1835 1594 iu
1868 1529 1957 1601 scala
1979 1531 2144 1622 ponderis
2170 1533 2397 1604 mutationem

706 1637 885 1704 indicabat
908 1635 987 1726 (ι)
1032 1635 1133 1699 Hunc
1159 1653 1362 1727 apparatum
1380 1637 1576 1704 emendavit
1592 1627 1769 1709 Ludiche.
1840 1707 1842 1712 .

746 1749 894 1818 Bilancis
917 1749 1061 1816 sormam
1081 1748 1307 1816 immutarunt
1326 1751 1449 1817 Renes
1465 1751 1530 1839 (n)
1550 1751 1812 1820 etBurrItardt
1833 1756 1922 1842 (5),
1945 1756 2006 1847 qui
2030 1756 2217 1824 [ramberti
2245 1755 2291 1824 ad
2312 1779 2395 1824 mo·

676 1887 677 1892 ¹
706 1866 814 1947 dum,
838 1878 992 1929 centrum
1014 1877 1123 1925 motus
1144 1862 1182 1924 in
1201 1859 1349 1946 lingulae
1368 1861 1465 1952 apice
1479 1881 1652 1952 ponerent
1669 1883 1704 1932 et
1729 1867 1809 1934 hnic
1833 1867 1929 1935 filum
1947 1866 2233 1963 perpendiculare
2252 1891 2394 1958 appen-

706 1977 845 2054 derent,
868 1973 962 2066 quod
984 1973 1088 2067 ipsius
1106 1973 1201 2061 scapi
1218 1971 1481 2043 inclinationem
1500 1993 1599 2045 aucto
1626 1975 1783 2068 pondere
1812 1977 1993 2051 indicaret.
2038 1981 2282 2068 Deeagnliera
2306 1997 2390 2048 tau-

704 2089 806 2166 dem,
830 2111 964 2156 omnem
990 2085 1190 2186 relinquens
1210 2081 1356 2156 bilancis
1385 2085 1556 2180 formem„
1582 2089 1830 2172 indicadonem
1860 2093 2010 2192 cylindri
2033 2091 2245 2168 recalcitare
2274 2093 2398 2170 delet·-¹

703 2201 844 2278 minavit
865 2203 945 2292 (dle

1483 2405 1516 2489 ς.
1563 2417 1611 2471 rr.

1121 2595 1181 2664 De
1204 2594 1304 2664 dotis
1326 2593 1447 2681 hisce,
1472 2595 1760 2686 Hygrometrioe
1781 2601 1991 2690 applicatis.

743 2790 960 2882 Enumeratio
983 2792 1054 2878 jam
1071 2789 1266 2878 singulatim
1286 2791 1495 2876 materiebus
1509 2793 1785 2892 hygrosoopicis,
1807 2796 1845 2862 in
1863 2813 2017 2872 nostram
2049 2795 2258 2866 methodum
2279 2795 2396 2862 adhi-

700 2911 802 2993 bitis,
825 2923 860 2976 et
876 2904 1036 2994 expositis
1058 2906 1318 2988 instrumentis,
1342 2929 1430 2996 quae
1451 2891 1569 2974 eornm
1600 2905 1761 2998 pondera
1784 2903 2035 2978 determinant,
2059 2923 2188 2986 restat,
2210 2923 2250 2974 ut
2271 2905 2392 2976 videa-

700 3043 797 3104 mus,
829 3015 1001 3108 qnomodo
1028 3039 1068 3083 ex
1101 3033 1247 3108 utraque
1280 3019 1345 3084 hac
1380 3042 1418 3088 re
1450 3023 1664 3106 conjuncta,
1695 3015 1875 3111 problema
1902 3016 2192 3106 hygrometricum
2220 3019 2401 3090 denodare

701 3132 816 3204 conati
832 3130 964 3202 luerint
984 3129 1129 3219 physici.
1175 3131 1226 3196 De
1250 3131 1507 3202 Exsiccantium
1528 3155 1592 3200 usu
1611 3135 1649 3202 in
1673 3141 1755 3198 aere
1784 3129 1915 3198 secluso
1942 3127 2031 3207 nihil
2047 3127 2248 3198 addendum
2266 3129 2395 3198 habeo,

699 3247 838 3338 integra
854 3244 947 3312 enim
966 3243 1148 3311 methodus
1169 3261 1356 3333 apparatus
1375 3245 1606 3330 descriptione
1620 3245 1829 3312 continetur.
1858 3243 1909 3310 De
1927 3239 2116 3310 eorundem
2129 3257 2242 3322 autem
2259 3244 2298 3310 in
2313 3251 2395 3311 atine

700 3375 822 3448 aperto
837 3354 1051 3424 adhibitione
1071 3357 1291 3448 praecipiunt
1312 3359 1481 3428 Senebier
1498 3377 1533 3430 ct
1548 3358 1799 3449 Lampridius,
1822 3372 1862 3422 ut
1879 3377 1943 3445 per
1963 3353 2230 3424 determinatum
2257 3373 2393 3445 tempus

700 3487 776 3560 agat
796 3471 932 3557 cognita
956 3494 1074 3536 eorum
1091 3469 1204 3552 dosis,
1227 3473 1321 3540 omni
1358 3473 1450 3558 aqui
1474 3476 1630 3560 privatur
1664 3469 1759 3534 unda
1794 3491 1838 3532 ex
1865 3467 2096 3556 comparatis,
2125 3467 2270 3549 diverso-
2296 3485 2392 3535 tem·

698 3607 806 3674 pore,
827 3583 1021 3673 ponderum
1046 3573 1267 3642 incrementis
1288 3570 1507 3654 dijudicatur
1524 3573 1613 3637 aeris
1634 3575 1798 3640 conditio.
1845 3578 2003 3648 Tandem
2018 3605 2101 3652 vero
2118 3579 2231 3671 quoad
2250 3581 2391 3647 Absor·

702 3698 823 3766 hemia
854 3689 1122 3786 hygroseopica,
1145 3683 1351 3752 substantiae
1372 3681 1515 3770 quidem
1535 3680 1711 3768 organicae
1735 3679 1791 3748 vir
1825 3683 1949 3748 scalam
1980 3686 2186 3767 obtinuere,
2210 3707 2288 3752 cum
2310 3689 2392 3778 ple-

701 3831 847 3898 rumque
863 3805 993 3874 luerint
1012 3801 1055 3868 ab
1078 3797 1330 3888 antiquioribus
1356 3794 1460 3862 modo
1478 3792 1631 3885 physicis
1656 3791 1831 3882 adhibitae
1860 3815 1899 3860 ac
1920 3791 2003 3861 dein
2024 3791 2222 3880 neglectae3
2250 3795 2396 3867 Lowitz

709 3940 840 4004 autem,
873 3917 1110 3990 Inoclzodrow
1138 3929 1173 3981 et
1200 3909 1448 3981 Hocbdeimer
1465 3906 1684 3998 bygrometra
1701 3907 1974 3996 oryctognostica
2003 3921 2039 3975 et
2072 3905 2220 3976 vitreum
2253 3911 2394 3980 omuino

704 4035 801 4108 scala«
815 4033 1014 4109 munivere,
1040 4031 1137 4115 cujus
1154 4041 1268 4120 partes
1289 4023 1382 4092 inter
1400 4024 1588 4092 maximum
1609 4017 1823 4090 humiditatis
1844 4037 1878 4088 et
1902 4021 2065 4089 siccitatis
2081 4019 2388 4112 comprehendun-

705 4169 773 4218 tur.
818 4149 864 4212 Et
883 4145 972 4210 hanc
994 4141 1135 4232 quidem
1160 4139 1287 4210 scalam
1307 4138 1350 4204 ad
1371 4143 1477 4225 ipsius
1500 4133 1709 4206 substantiae
1727 4131 1967 4204 humiditatem
1984 4156 2215 4225 composuere.
2258 4133 2391 4204 Puncta

704 4263 798 4332 enim
811 4257 879 4328 lixa
892 4275 1062 4352 posuere,
1080 4250 1226 4318 alterum
1245 4247 1283 4311 in
1296 4245 1455 4312 materiae
1474 4241 1650 4332 pondere,
1672 4262 1855 4336 postquam
1870 4245 1907 4312 in
1923 4269 2046 4338 aquam
2058 4244 2233 4330 demersa,
2255 4267 2393 4317 omnem

685 4371 859 4446 =humoric
895 4365 1146 4468 quantitatem,
1179 4361 1277 4445 cujus
1303 4373 1377 4425 erat
1410 4343 1532 4451 capax,
1564 4355 1805 4444 absorbueret3
1836 4355 1981 4426 alterum
2012 4359 2052 4426 in
2077 4353 2253 4449 pondere,
2294 4357 2390 4450 qnod

709 4486 876 4558 materia,
894 4503 958 4576 per
983 4471 1168 4546 violentam
1188 4473 1275 4559 ignis
1300 4473 1468 4546 actionem
1487 4471 1677 4556 exsiccata,
1706 4467 1860 4542 tenebat·
1904 4469 2061 4568 Spatium
2091 4469 2334 4546 intermedium
2349 4472 2391 4544 in

705 4614 889 4670 numerum
909 4589 1082 4680 quendam
1106 4587 1326 4656 arbitrarium
1345 4585 1512 4677 graduum
1536 4583 1700 4657 divisere,
1813 4574 1816 4587 Δ

2272 4695 2390 4768 PARS
2479 4703 2483 4712 '

741 4871 799 4949 (ι)
816 4871 892 4929 Gott.
910 4864 983 4944 hlag.
1001 4865 1095 4946 Jahrg.
1111 4865 1169 4926 111.
1183 4867 1223 4928 St.
1236 4870 1262 4936 i.
1277 4887 1306 4950 p.
1322 4887 1379 4946 ¹9¹·
1621 4863 1634 4936 (
1650 4863 1686 4937 ι)
1702 4861 1830 4944 heripold
1838 4899 1847 4936 ,
1865 4863 1969 4922 theatr.
1989 4829 2107 4921 methin.

735 4971 791 5054 (a)
809 4961 916 5026 nunde
933 4963 967 5024 of
979 4961 1051 5025 Phil.
1069 4981 1094 5040 ι.
1111 4969 1172 5040 429.
1359 4957 1421 5044 (ll
1432 4955 1641 5024 nemorosa
1656 4957 1759 5023 horum
1777 4960 2030 5024 instrumentorum
2046 4965 2246 5043 proponantur
2261 4951 2331 5020 rm
2350 4951 2390 5016 Π.
