5202 6268
477 511 891 621 rusrortsro'an
923 528 1742 636 Q'uassrt·ouuurur51ea·u.-‹
1914 551 1968 638 ,n

262 695 373 803 iucem
396 731 553 822 accipere
584 712 740 820 possint,
761 727 832 794 hnc
862 742 897 794 et
917 730 1026 812 {suum
1058 715 1257 796 conaturam
1285 745 1357 800 esse
1379 729 1653 807 observationem
1680 727 1846 817 frigoris,
1859 730 1956 823 qnod

260 823 344 914 inde
365 847 490 913 existit.
895 853 899 863 '

303 957 411 1048 Quod
438 975 550 1024 actem
574 955 751 1046 speciatim
773 955 896 1022 attinet
915 954 1071 1024 methodi
1094 955 1330 1048 principium,
1355 981 1441 1046 qnae
1474 955 1549 1024 scil.
1571 979 1613 1022 ex
1640 943 1870 1054 temperatura
1890 973 1957 1028 vai

262 1073 373 1162 poris,
388 1071 431 1138 ad
452 1071 633 1136 maximum
654 1067 990 1157 perducti,conficit
1008 1069 1647 1158 bygromatriam,animadvertendum
1667 1085 1739 1152 est,
1754 1067 1840 1134 illud
1859 1065 1956 1134 factis

258 1190 371 1256 minus
392 1187 602 1266 inhaerere,
627 1207 731 1275 quam
750 1181 882 1268 legibus
906 1201 940 1250 et
959 1183 1100 1252 theoriis
1126 1183 1290 1275 physicis.
1326 1183 1374 1249 At
1392 1206 1474 1250 vero
1491 1183 1580 1269 leges
1603 1181 1744 1274 quidem
1760 1181 1959 1246 innituntur

259 1299 523 1388 experimentis,
552 1319 699 1388 quorum
721 1319 855 1364 errores
889 1313 923 1362 et
945 1300 1040 1388 ipsae
1060 1297 1271 1381 admittunt,
1297 1295 1449 1363 theoriae
1479 1315 1592 1364 autem
1620 1295 1671 1363 nil
1697 1295 1764 1362 nisi
1786 1296 1954 1360 rationem

257 1411 436 1490 referunt,
459 1437 525 1500 qua
544 1411 631 1476 facta
653 1411 763 1476 menti
783 1413 1034 1500 proponimus,
1058 1412 1225 1500 novisque
1248 1409 1347 1475 factis
1370 1427 1542 1498 tamqnam
1561 1407 1780 1490 vacillantes,
1804 1405 1952 1490 dubiae,

258 1525 342 1614 quin
365 1526 506 1592 omnino
527 1523 654 1605 falsae,
684 1513 890 1588 denunciari
921 1539 1078 1614 possunt.
1122 1523 1246 1610 ltaque
1268 1535 1303 1586 et
1326 1520 1432 1606 huius
1455 1518 1616 1587 methodi
1639 1521 1853 1613 principium
1881 1541 1953 1595 non

256 1637 350 1702 omni
382 1635 490 1702 dubio
519 1650 636 1711 cereta
660 1649 809 1701 attamen
837 1633 923 1701 adeo
952 1649 1046 1700 arcte
1071 1656 1150 1700 cum
1170 1633 1245 1721 ipsa
1263 1631 1423 1700 doctrina
1445 1628 1605 1720 junctum
1622 1649 1694 1718 est,
1713 1649 1753 1699 ut
1774 1657 1841 1698 una
1858 1631 1952 1698 utri·

259 1769 326 1836 quc
350 1763 394 1812 sat
415 1763 553 1814 ventas.

294 1858 368 1925 lam
397 1881 481 1956 sero
517 1872 587 1924 tota
614 1851 798 1923 methodus
825 1879 867 1923 ex
887 1857 1070 1948 principiis
1107 1856 1326 1942 theoreticis,
1350 1875 1447 1925 antea
1468 1858 1613 1946 positis,
1635 1872 1686 1924 est
1709 1853 1950 1942 dijudicanda,

253 1990 320 2058 qua
342 1971 379 2034 in
404 1993 442 2036 re
473 1971 643 2050 eundem,
676 1989 781 2054 quena
806 1969 844 2032 in
869 1973 1026 2054 partibus
1054 1974 1364 2060 praecedentibus,
1385 1972 1546 2042 ordinem
1573 1995 1775 2064 sequemur,
1798 1970 1949 2060 primum

250 2097 333 2170 orgo
362 2079 407 2150 de
430 2081 815 2171 thermehygrometria,
838 2079 919 2150 dein
942 2081 986 2146 de
1009 2084 1284 2172 psychrometria
1304 2086 1472 2174 dicturh,

929 2305 932 2310 ¹
1033 2273 1064 2364 §a
1111 2281 1169 2350 86.

355 2513 361 2524 ·
415 2471 760 2542 Animadversionem
784 2465 826 2535 e'n‘
844 2473 1055 2566 antiquiora
1078 2469 1331 2560 experimenta·
1348 2472 1776 2560 theerohygrcmetricaa

289 2663 383 2734 Ante
414 2685 517 2750 quam
543 2662 580 2725 in
606 2661 696 2747 ipsas
720 2659 1152 2750 thermohygrometrorum
1183 2653 1399 2731 conditiones
1424 2666 1650 2756 inquirimus,
1677 2666 1861 2755 quaedam·
1876 2689 1944 2738 no·

247 2775 353 2848 canda
388 2793 469 2842 sunt
498 2772 542 2840 de
575 2773 841 2864 experimentis,
878 2799 966 2864 quae
997 2799 1036 2840 ea
1067 2792 1337 2866 praecesserunt.
1381 2775 1543 2842 Attamen
1565 2796 1730 2860 nonest,
1754 2779 1946 2868 quodsose

246 2891 290 2960 de
319 2893 360 2956 iis
391 2889 616 2978 disputemus.
657 2884 932 2953 Considerentur
961 2892 1052 2955 enim
1080 2890 1130 2954 uti
1149 2888 1288 2955 rud-iore
1309 2889 1512 2974 tentamina,
1538 2915 1625 2980 quae
1650 2890 1778 2956 duxere
1800 2889 1943 2980 quidem

248 2995 293 3068 ad
316 2997 516 3065 methodum
537 3012 707 3073 nostram,
731 2995 805 3092 ipsa
827 3018 907 3064 vero
928 3017 992 3086 per
1022 3021 1057 3064 se
1078 2997 1279 3093 imperfecte
1301 2998 1404 3066 modo
1426 2998 1603 3067 solverunt
1625 2999 1820 3090 problema,
1845 3001 1939 3091 quod

243 3111 460 3200 propositum
485 3115 570 3172 erat.

288 3217 413 3308 Quoad
441 3215 675 3302 experimenta
695 3209 864 3284 societatis
887 3220 948 3284 det
970 3222 1152 3304 cimento,
1176 3223 1377 3311 proprieea
1402 3221 1444 3286 ad
1471 3223 1617 3311 primam
1646 3225 1846 3290 methodum
1875 3251 1938 3294 re-
2036 3225 2039 3232 ’

245 3321 387 3398 'serenda
418 3323 613 3390 videamun
668 3325 864 3391 lmmediate
888 3313 980 3392 etnim
1006 3333 1139 3417 vaporis
1167 3333 1390 3419 quantitatem
1418 3331 1648 3396 determinare
1677 3333 1851 3400 studuere.
1897 3338 1935 3404 Si

244 3436 512 3508 remeationem
533 3434 804 3512 consideremus,
827 3457 894 3524 qna
925 3435 977 3499 in'
991 3438 1351 3506 massam-sensibilem
1373 3437 1622 3510 contrahebant
1648 3461 1829 3529 vaporem,
1852 3469 1934 3516 me·¹

238 3537 307 3618 rito
337 3549 505 3636 originem
529 3564 664 3613 nostrae
684 3547 849 3614 methodo
870 3547 1008 3616 dedisse
1026 3549 1202 3618 dicuntur.
1231 3551 1331 3646 hait.
1366 3569 1440 3618 erat
1457 3547 1610 3636 lrigoris·
1637 3554 1726 3622 actio
1755 3557 1793 3621 in
1817 3557 1933 3645 ipsum

198 3721 208 3732 ,
244 3681 424 3750 vaporem,
448 3682 536 3745 quae
556 3660 650 3724 hunc
675 3660 923 3738 condensabat.

283 3772 427 3856 Summis
447 3787 558 3836 autem
578 3770 740 3837 laudibus
755 3773 922 3844 efferendi
937 3789 1015 3842 sunt
1037 3775 1114 3843 cell.
1139 3779 1171 3843 Ie
1195 3777 1279 3865 Roy
1294 3791 1330 3841 et
1354 3776 1510 3853 Doleon,
1535 3800 1681 3865 quorum
1704 3775 1781 3861 ille,
1802 3779 1930 3847 etiamsi

198 3899 204 3908 '
241 3887 323 3954 tatas
349 3883 568 3950 saturationis
594 3882 725 3948 theoria
747 3883 955 3964 duceretur,
976 3904 1075 3952 acute
1094 3906 1207 3953 tamen
1233 3883 1370 3970 docuit,
1386 3897 1501 3956 a'c‘rem
1525 3889 1664 3972 singulis
1686 3895 1926 3976 temperaturis

239 3998 498 4076 determinatam
522 3994 624 4060 modo
647 3996 782 4086 vaporis
813 4002 1036 4085 quantitatem
1058 4000 1259 4080 continere,
1282 4015 1315 4061 et
1338 3993 1511 4080 ingeniose
1533 3996 1599 4062 boc
1625 3977 1836 4090 principium
1856 4028 1923 4094 ap-

237 4103 381 4208 plicavit
397 4104 646 4196 bygrometriae
656 4131 667 4188 3
691 4106 756 4172 ille·
769 4109 850 4198 v'epo
868 4109 957 4176 id'cm
979 4110 1190 4201 principium
1207 4107 1413 4178 combinavit
1433 4130 1523 4174 cum·
1534 4109 1682 4194 legibus,
1697 4111 1924 4202 probabiliter

164 4267 167 4272 -
238 4221 496 4302 demonstratis,
520 4217 563 4286 de
583 4221 719 4308 vaporis
736 4220 903 4290 densitate
922 4241 958 4290 et
977 4223 1191 4292 eleatieitate.
1237 4221 1432 4288 Generatim
1456 4243 1536 4293 cero
1557 4224 1592 4288 in
1616 4224 1675 4290 bos
1695 4242 1849 4292 auctores
1872 4245 1928 4312 eac⁴

233 4330 594 4412 animadvertendum,
629 4331 721 4420 quod
743 4333 973 4420 refrigerandi
1001 4333 1199 4402 nethodum
1221 4335 1402 4402 observatu
1432 4331 1668 4402 difficillimam
1685 4335 1924 4422 adhibuerint.

229 4447 296 4516 Vix
315 4447 406 4514 enim
422 4469 513 4535 aqna
530 4443 654 4530 frigida
667 4445 717 4510 ita·
727 4446 941 4534 pedetentim
956 4449 996 4516 ad
1011 4465 1180 4541 punctum
1199 4469 1317 4511 rorans
1333 4467 1440 4534 usque
1456 4442 1607 4514 calefieri
1623 4463 1754 4536 potest.
1766 4450 1920 4524 Praestat

232 4557 385 4650 qaddem
400 4558 463 4624 hac
483 4559 519 4621 in
545 4579 582 4626 re
612 4557 776 4626 Bemlir'
797 4579 1010 4650 apparatus,
1031 4565 1094 4651 qui*
1111 4588 1174 4654 per
1195 4562 1408 4648 refrigerium
1441 4546 1600 4628 cbemiee
1625 4582 1737 4634 ortum
1763 4565 1920 4642 thermo·
1945 4611 1947 4614 ·

234 4689 380 4740 metrum
413 4671 538 4738 sensim
567 4669 610 4736 ad
638 4692 806 4762 punctum
845 4699 963 4745 rorans
991 4677 1225 4770 perduceret,
1252 4675 1366 4761 ipsum
1402 4671 1548 4740 bulbum
1577 4677 1813 4749 thermometri
1842 4708 1924 4753 mer

233 4783 385 4854 talliam
414 4799 586 4874 tamquam
616 4787 834 4877 praecipitati
857 4789 974 4858 eedem
1001 4791 1223 4862 constituens.
1266 4787 1403 4856 Etenim
1430 4787 1478 4856 ita
1505 4789 1605 4879 longe
1631 4791 1750 4863 melius
1771 4775 1927 4884 misiae*

1104 4905 1149 4974 hb
1166 4907 1193 4974 5
1404 4939 1409 4951 *-
1851 4931 1920 4976 n-
