5216 6270
633 806 1130 996 austro
1196 807 1354 993 us
1419 803 1570 921 10

1057 1169 1157 1236 au'

467 1465 1143 1580 QUAESTIONEM
1226 1469 1714 1560 rutelcan

813 1885 1369 1918 *mv-¹¹¹0*-

708 2207 1504 2308 INTRODUCTIQ

242 2463 323 2585 Eat
343 2500 484 2605 iu'illu,
508 2536 579 2610 qno
597 2516 761 2594 virimar,
780 2521 865 2583 atre
888 2510 1162 2604 atmespbaeriuo
1182 2513 1397 2603 principium
1415 2535 1543 2601 agenr,
1567 2515 1663 2608 quod
1687 2531 1850 2582 censuum
1867 2535 1944 2604 qur·

187 2671 190 2677 ·
245 2630 327 2700 dem
353 2633 460 2700 aciem
488 2631 627 2723 effugit,
651 2632 800 2701 subinde
825 2655 906 2701 vero
932 2629 1026 2697 miris
1058 2626 1236 2697 effectibus
1261 2647 1334 2694 rere
1361 2625 1526 2697 declarat.
1579 2627 1677 2718 Quid
1704 2628 1797 2698 enim
1823 2650 1942 2696 causae

240 2744 337 2825 latet,
364 2767 427 2810 cnr
448 2768 597 2832 gemmae
616 2769 711 2812 nanc
738 2739 847 2813 maine
870 2743 1017 2820 artifici,
1043 2743 1138 2811 uuae
1167 2761 1251 2810 vero
1275 2739 1389 2810 midae
1420 2739 1566 2814 offerant
1592 2739 1757 2834 pondua?
1781 2743 1845 2832 qul
1874 2739 1939 2822 fit,

240 2871 282 2920 ut
303 2855 454 2923 citharae
477 2854 610 2923 chorda
633 2879 728 2924 nunc
753 2855 848 2941 laxa,
869 2877 1006 2942 gravem
1022 2875 1163 2938 eonem,
1186 2867 1280 2924 nuuc
1301 2875 1382 2924 vero
1398 2855 1539 2941 anien,
1562 2871 1700 2926 acutum
1719 2850 1831 2922 edat?
1851 2853 1937 2946 quid

235 2964 392 3057 denique
411 2983 485 3050 eat,
509 2967 604 3059 quod
624 2991 690 3063 per
711 2969 868 3059 hyemem
891 2965 1044 3034 cubiculi
1071 2967 1195 3034 lumini
1218 2968 1374 3038 adfixum
1395 2967 1563 3040 haereat?
1609 2969 1673 3036 Eat
1696 2968 1860 3034 nimirum
1884 2989 1941 3032 va.

239 3099 308 3170 por
327 3103 478 3172 aqueus,
500 3082 535 3147 in
559 3082 636 3171 ipro
653 3089 732 3150 a'e‘re
752 3083 982 3171 latenr,fqui,
1007 3079 1254 3166 condensatur,
1270 3079 1457 3152 multorum
1476 3103 1664 3173 corporum
1681 3081 1839 3146 immutat
1859 3102 1939 3169 pro·

234 3194 423 3283 prietates,
446 3217 564 3262 eorum
585 3217 729 3264 mersam
750 3213 786 3264 et
806 3193 967 3266 volumen
995 3193 1137 3280 alterat,
1159 3194 1381 3284 splendorem
1404 3197 1544 3281 turbat,
1566 3191 1842 3284 pelluciditatem
1862 3190 1933 3256 tol-

240 3305 303 3390 lit,
328 3331 435 3398 eaque
459 3307 514 3378 rel
546 3331 624 3377 rere
651 3309 817 3392 obvertit,
842 3309 895 3376 rel
924 3307 1032 3394 cingit
1052 3305 1198 3393 eleganti
1221 3308 1458 3397 crystallorum
1481 3308 1651 3394 congerie.
1695 3306 1778 3372 Hae
1795 3301 1938 3392 quidem

231 3423 375 3508 vaporis
399 3424 551 3490 actiones
574 3423 731 3512 explorat
755 3421 1038 3506 Hygroeoopiu,
1069 3441 1110 3483 eo
1140 3419 1211 3482 fine
1236 3434 1277 3484 ut
1299 3417 1426 3484 exinde
1457 3415 1629 3504 judicium
1650 3416 1740 3482 ierat
1771 3413 1816 3478 de
1846 3414 1937 3480 aeria

237 3531 454 3601 humiditate.
498 3529 645 3614 Iudagat
667 3547 748 3610 ergo
775 3521 862 3588 baec
888 3521 1048 3584 doctrina
1070 3521 1238 3586 diversam
1256 3529 1392 3610 vaporis
1424 3523 1706 3611 dispositionem,
1731 3526 1936 3615 corporibus

236 3639 443 3732 quibusdam
469 3659 505 3702 ae
529 3635 701 3721 affigendi.
746 3633 818 3700 Ubi
842 3652 926 3700 rere
947 3628 1189 3698 adacendinua
1217 3632 1262 3700 ad
1287 3634 1394 3725 ipaiua
1423 3657 1540 3708 causae
1570 3658 1732 3714 examen,
1754 3659 1825 3706 uon
1855 3662 1933 3706 am-

230 3750 321 3846 plius
346 3747 392 3816 de
413 3743 617 3814 humiditate
636 3745 743 3814 modo
755 3745 884 3832 agitur,
911 3743 974 3812 aed
993 3741 1040 3811 de
1055 3746 1191 3836 vaporis
1209 3745 1410 3816 conditione
1432 3771 1510 3818 eum
1528 3747 1612 3816 aliae
1628 3767 1808 3820 moventur
1830 3777 1934 3844 quae·

230 3867 374 3946 stiones,
399 3878 473 3928 tum
497 3859 689 3950 imprimiee
715 3875 883 3950 mantum
908 3861 981 3946 ejus
1007 3861 1047 3926 in
1075 3869 1154 3929 aere
1173 3862 1423 3934 contineatur?
1467 3861 1560 3932 Hinc
1584 3863 1699 3930 existit
1718 3863 1930 3956 Hygrome-

229 3979 324 4055 trio,
348 3997 435 4064 quae
456 3971 634 4065 problema
659 3971 726 4037 sibi
741 3971 945 4042 aelrendum
972 3973 1160 4062 proponite
1180 3975 1297 4064 aquea·
1311 3978 1485 4066 vaporis,
1505 3979 1592 4044 ai're
1613 3999 1823 4064 quocunque
1842 4002 1931 4044 con·

227 4091 343 4168 tenti,
366 4089 523 4158 invenire
547 4087 805 4175 quantitatem.
850 4084 892 4149 In
915 4105 956 4152 co
974 4105 1059 4168 ergo
1078 4105 1102 4148 a
1121 4103 1159 4148 ae
1181 4084 1331 4157 invicem
1352 4088 1517 4156 differunt
1539 4087 1775 4177 Hygi-cacopia
1798 4105 1833 4156 et
1856 4090 1928 4180 Hy·

226 4201 431 4291 geometria,
457 4197 552 4290 quod
575 4195 634 4264 illa
653 4195 866 4264 humiditatis
891 4194 1057 4282 gradum,
1078 4193 1166 4266 haec
1186 4200 1325 4290 reperio
1343 4223 1487 4273 tumeam
1509 4199 1731 4270 determinat.

271 4315 309 4383 Si
337 4317 408 4403 jam
427 4337 468 4381 ex
493 4311 546 4379 bie
578 4309 781 4404 disputatio,
812 4309 1041 4403 quaestionis,
1070 4309 1114 4378 ab
1139 4311 1264 4382 ordine
1285 4312 1497 4384 nobilissimo
1521 4312 1632 4385 Matb.
1663 4328 1698 4381 et
1727 4311 1817 4380 Phil.
1841 4315 1922 4382 Nat.

226 4431 437 4522 propositae,
463 4443 704 4514 argumentum
734 4425 962 4510 definiamus,
995 4440 1114 4515 patet,
1143 4445 1284 4498 eam-et
1306 4426 1490 4518 complecti
1521 4442 1627 4496 totam
1654 4427 1926 4516 Hygrometr'mm

227 4557 262 4607 et
284 4542 355 4609 bac
377 4543 558 4612 contineri.

267 4653 346 4740 Ipsa
364 4673 476 4722 autem
497 4653 580 4742 illa,
602 4677 689 4746 quae
711 4652 883 4741 iudicari,
906 4654 1161 4746 phaenomena,
1186 4655 1225 4722 in
1244 4656 1315 4727 rita
1337 4654 1495 4724 familiari
1512 4653 1635 4740 obvia,
1657 4652 1829 4744 triplicem
1853 4653 1925 4725 de-·

228 4763 359 4832 clarent
396 4768 531 4860 vaporis
567 4765 746 4854 effectum,
780 4769 841 4861 qui
876 4769 982 4864 ipsius
1016 4792 1134 4837 causae
1168 4791 1361 4837 mensuram
1386 4767 1560 4860 quandam
1586 4767 1750 4837 exhibere
1785 4770 1920 4868 possita

223 4883 397 4970 ponderis
413 4884 488 4956 scil.
499 4908 654 4977 eugmm
663 4933 676 4975 ,
687 4887 880 4964 vocamine
902 4890 1165 4960 incrementum
1180 4900 1216 4954 et
1236 4906 1414 4976 vaporum
1431 4883 1756 4958 condennationem.
1799 4881 1838 4958 st
1855 4895 1923 4959 vc*

1146 5003 1222 5076 aa
1879 5017 1924 5091 re
2044 5015 2059 5056 t
