5216 6270
668 566 750 726 ιι,
885 587 1216 684 ιἰιιιιιιιιιιι
1266 599 1480 682 aaroni
1525 611 1838 682 curnrnnur
1881 609 2157 698 surnaria

1452 811 1485 939 §i
1532 873 1584 920 ar.

999 1051 1059 1118 De
1081 1061 1172 1140 opto
1194 1009 1327 1118 aarum
1340 1052 1515 1140 portium
1535 1021 1679 1119 actione
1701 1065 1740 1120 et
1760 1047 2043 1138 conspiratione.

679 1251 846 1342 Ωιιιιιιι
856 1270 899 1316 ex
922 1245 1066 1323 diversis
1088 1245 1141 1314 his
1167 1244 1325 1338 partibus
1352 1244 1611 1338 hygrometrum
1638 1264 1795 1318 nostrum
1821 1251 1865 1316 sit
1895 1245 2141 1344 compositum,
2170 1251 2374 1318 examinan-

671 1367 755 1444 dum
774 1381 848 1448 est,
871 1361 985 1453 quid
975 1387 1016 1432 ιιι
1027 1359 1173 1448 siugulis
1199 1361 1415 1450 requiratur,
1437 1377 1477 1426 ut
1501 1385 1572 1434 non
1604 1379 1739 1458 tantum
1756 1362 1905 1456 proprio
1923 1385 1985 1428 suo
2005 1383 2147 1428 munere
2167 1363 2232 1432 rite
2255 1391 2366 1456 quae-

666 1481 719 1549 uis
746 1478 939 1563 fungatur,
948 1475 1011 1544 sed
1031 1475 1134 1546 etiam
1159 1495 1238 1543 curn
1234 1471 1444 1580 reliquis
1434 1498 1472 1542 ιιι
1494 1499 1601 1584 unum
1605 1451 1738 1590 finem
1760 1475 1883 1544 tendat
1913 1493 2029 1596 atque
2041 1477 2230 1567 conspiret.

710 1591 829 1658 Prouti
851 1611 933 1676 ergo
953 1589 1112 1668 materia,
1138 1611 1225 1678 quae
1248 1587 1345 1653 basin
1369 1588 1505 1654 efficit
1494 1565 1740 1670 ιιιιιιιιιιιοιιιί,
1751 1573 1926 1683 prompta
1947 1614 2018 1658 esse
2025 1573 2151 1659 debet
2174 1610 2210 1662 et
2240 1595 2370 1662 immu-

667 1704 803 1785 rabilis,
831 1704 879 1767 ita
902 1701 1007 1768 index
1032 1701 1153 1769 cadem
1172 1700 1253 1774 hac
1269 1700 1401 1767 ratione
1424 1719 1500 1790 agat
1524 1720 1674 1792 oportet.
1719 1705 1894 1771 Continuo
1915 1723 2089 1798 proponat
2109 1703 2144 1774 ei
2166 1707 2237 1779 fide
2265 1709 2369 1779 uolu-

669 1816 771 1881 minis
800 1815 1045 1897 mutationem,
1075 1787 1237 1904 quamsi
1261 1830 1400 1900 augeat,
1421 1806 1653 1886 illabefactam
1681 1807 1819 1885 reddat.
1872 1817 2003 1886 Frictio
2026 1839 2107 1907 ergo
2132 1820 2176 1887 sit
2199 1838 2259 1890 aut
2282 1823 2367 1890 nul-

665 1927 723 2007 la,
747 1945 805 1995 aut
830 1929 903 1997 sine
926 1927 1010 1995 vitio
1035 1925 1264 2020 negligendr3
1284 1930 1441 2024 partium
1462 1929 1555 1998 lusus
1575 1929 1727 2024 aliaeque
1746 1918 1908 2018 'errorum
1929 1929 2045 2000 causae
2065 1933 2250 2003 evitentur.

705 2042 760 2110 'Ut
775 2040 1034 2114 rerouqumeu
1060 2041 1291 2132 determinate
1310 2067 1472 2112 mensura
1490 2043 1710 2130 innotescat,
1733 2043 1823 2113 scala
1846 2045 2056 2142 apponenda
2081 2064 2148 2125 est,
2169 2049 2266 2136 juxta
2285 2052 2371 2118 uni·

668 2173 790 2248 tatem,
805 2153 982 2248 quendem
1010 2153 1144 2241 divisit,
1165 2181 1277 2248 quae„
1298 2157 1327 2224 si
1356 2141 1855 2257 comparabilites„qpaeritun
1878 2157 2234 2248 ipsiadaptandasst
2253 2151 2368 2232 male-

666 2271 738 2336 riac
759 2285 913 2338 naturae.
961 2270 1010 2338 Ea
1041 2285 1155 2339 autem
1180 2267 1315 2357 duplici
1343 2267 1477 2337 ratione
1506 2267 1693 2351 invenitur.
1735 2262 1805 2336 Vel
1825 2269 1919 2333 enim
1937 2291 2045 2334 unum
2063 2284 2235 2356 punctum
2256 2267 2365 2340 scalae

668 2383 774 2448 lirum
795 2407 837 2448 ex
860 2382 1030 2450 constanti
1052 2381 1218 2450 materiae
1240 2379 1413 2446 volumine
1433 2401 1499 2467 pro
1523 2364 1660 2463 cognita
1681 2374 1895 2446 humiditatis
1926 2377 2125 2446 conditione
2147 2379 2370 2456 determinari

669 2512 783 2584 potest
813 2513 848 2559 et
874 2498 987 2558 unitae
1012 2518 1054 2558 ex
1081 2494 1184 2575 hujus
1207 2488 1389 2553 voluminis
1415 2491 1578 2577 pertibus
1603 2490 1758 2574 desumi3
1787 2493 1860 2567 cel.
1887 2492 2004 2578 prouti
2032 2491 2074 2558 fit
2093 2495 2131 2558 in
2156 2493 2367 2568 thermome-

610 2645 616 2662 ι
669 2625 741 2678 tro.
767 2603 836 2672 duo
865 2619 996 2694 puncta
1021 2602 1089 2667 fixa
1112 2599 1234 2668 assumi
1264 2617 1298 2667 et
1320 2601 1470 2694 spatium
1502 2603 1749 2672 intermedium
1772 2604 1810 2670 in
1839 2613 1972 2672 certum
1999 2604 2164 2692 partimus
2184 2631 2369 2682 numerum

669 2717 788 2788 dividi.
833 2719 874 2786 In
901 2716 995 2785 omni
1018 2731 1129 2784 autem
1156 2733 1289 2804 puncto
1316 2715 1387 2784 lixo
1408 2712 1622 2808 postulatur,
1642 2715 1763 2786 stabile
1786 2713 1832 2785 sit
1859 2736 1895 2788 ct
1922 2714 2023 2784 faedo
2053 2719 2297 2808 obtinendum.¹

1397 2917 1585 3003 §.aa

612 3171 626 3266 ,
673 3138 676 3148 ·
1328 3110 1390 3179 De
1412 3113 1513 3181 ecalo
1532 3113 1744 3184 naturalis

676 3317 768 3385 Sic
791 3333 875 3403 ergo
899 3311 1096 3410 per-lectum
1114 3309 1229 3388 existit
1255 3307 1596 3406 Hygroscopiumd.
1618 3333 1650 3376 e.
1681 3309 1974 3394 instrumentum,
2005 3307 2099 3400 quod
2129 3305 2366 3386 dilatationem
2430 3409 2433 3414 Ι

665 3427 825 3496 materiae
852 3429 1031 3511 cujusdam
1053 3451 1119 3518 per
1141 3451 1303 3522 vaporem
1324 3447 1473 3516 aqueum
1499 3439 1618 3490 exacte
1641 3422 1806 3502 metitur,
1827 3409 1912 3489 dum
1933 3411 2127 3491 volumen
2116 3423 2217 3540 apsi·¹
2205 3417 2363 3537 humidi-

673 3539 734 3604 tati
755 3535 958 3628 respondet.
979 3537 1175 3622 Quaeritur
1188 3555 1296 3602 veroa
1312 3535 1486 3618 quomodo
1505 3557 1547 3599 ex
1563 3533 1672 3598 scalae
1684 3533 1855 3616 gradihus
1875 3533 1963 3600 effici
1981 3536 2090 3626 possit
2099 3559 2234 3630 vaporis
2246 3523 2369 3631 quan·

671 3654 749 3718 titas
767 3650 809 3714 in
841 3649 930 3714 airis
965 3645 1144 3738 portione
1157 3640 1413 3724 determinata?
1458 3639 1520 3704 Est
1548 3637 1634 3736 llaec
1667 3641 1773 3706 altera
1803 3667 1882 3732 pars
1911 3664 1945 3708 et
1973 3645 2074 3728 longe
2106 3647 2340 3724 difficillima
2329 3675 2371 3724 ιιι

668 3759 876 3834 extricando
892 3757 1106 3849 problemate
1132 3771 1263 3826 nostro.
1309 3752 1363 3823 Ex
1389 3749 1524 3842 vaporis
1546 3767 1659 3838 eutem
1670 3751 1837 3840 legibus,
1874 3774 2021 3842 quarum
2048 3757 2277 3838 cognitionem
2308 3784 2369 3826 re-

668 3871 812 3942 centiori
834 3871 996 3962 inprimis
1031 3869 1133 3938 aetati
1156 3884 1290 3956 gratam
1312 3864 1515 3946 referimus,
1538 3883 1695 3930 normam
1720 3863 1871 3952 aliquam
1895 3887 1920 3928 o
1935 3863 2063 3950 priori
2092 3883 2291 3938 construere
2312 3871 2363 3940 li·

670 4005 745 4071 cet,
770 4011 855 4076 quae
880 3987 1013 4074 integre
1041 3982 1221 4075 problema
1240 3978 1358 4049 solvat.
1402 3973 1463 4048 Ad
1483 3975 1576 4044 hanc
1594 3999 1677 4064 ergo
1693 3993 1858 4070 poterunt
1874 3975 1998 4044 referri
2020 3992 2056 4044 et
2076 4000 2155 4046 eum
2162 3967 2238 4050 hac
2256 3974 2365 4059 com-¹

668 4103 804 4191 parari,
833 4123 1059 4190 quaecunque
1083 4125 1107 4168 o
1125 4096 1325 4189 posteriori
1349 4092 1531 4159 innotuere
1562 4087 1606 4158 de
1631 4087 1745 4176 scala,
1766 4091 1843 4156 usui
1863 4089 2020 4185 practico
2037 4088 2210 4182 adaptata.

711 4211 794 4281 Scil.
818 4213 856 4276 in
879 4234 1005 4300 uapore
1033 4234 1143 4301 aqueo
1166 4229 1266 4276 suum
1287 4205 1411 4293 cuique
1438 4196 1693 4294 temperaturae
1716 4219 1771 4270 est
1788 4201 1967 4270 densitatis
1991 4219 2026 4270 et
2051 4203 2261 4274 eleaticitatis
2285 4233 2362 4278 m.

669 4326 808 4410 ιιίιιιιιιιι.
851 4323 910 4406 si,
934 4321 1094 4393 volumen
1120 4315 1375 4400 imminuendo,
1407 4313 1498 4382 ultra
1528 4315 1624 4382 hunc
1648 4317 1834 4384 terminum
1856 4338 1910 4382 eas
1941 4340 2062 4404 augere
2094 4315 2196 4404 velis,
2227 4343 2366 4412 operam

672 4403 834 4508 irustra'
824 4461 1009 4522 insumas,
1029 4452 1164 4534 partem
1185 4427 1289 4500 modo
1311 4429 1447 4524 vaporis
1472 4428 1756 4500 condensatums.
1800 4429 1893 4497 Hinc
1916 4431 2162 4522 consequitur,
2185 4427 2215 4502 ii
2235 4459 2256 4504 e
2275 4413 2366 4505 eier-

673 4550 861 4634 tiuitatem,
876 4563 901 4620 t
922 4567 1191 4656 temperaturam
1210 4543 1363 4635 indicat,
1385 4569 1457 4616 esse

1305 4737 1310 4748 ,
1410 4679 1493 4728 e:
1515 4657 1598 4747 Fu)

670 4739 765 4868 qnae
796 4773 973 4845 sanctio
946 4801 975 4844 ιι
1010 4777 1126 4848 suerit
1136 4777 1389 4860 determinata,
1410 4767 1648 4842 thermometri
1672 4768 1838 4838 indicatio
1866 4773 2002 4888 vaporis
2027 4773 2066 4843 in
2089 4757 2239 4850 saturato
2254 4782 2366 4876 spatio

677 4889 817 4961 docebit
842 4891 1080 4982 quantitatem
1125 4867 1178 4959 Ex
1200 4890 1406 4964 theoremate
1430 4887 1523 4955 enim
1546 4883 1599 4954 Cl.
1624 4885 1726 4975 Gay·
1706 4885 1872 4955 -Lorsao
1894 4901 1946 4955 cst

2326 3509 2364 3547 Μ

1375 5025 1654 5197 “iiim
