5202 6268
631 597 686 684 ,r
840 553 1169 662 aecurrunt
1210 583 1425 666 cancer
1468 593 1786 676 curuantur
1830 595 2107 668 serenan
2216 571 2218 576 ’

631 775 753 862 globos
782 793 872 850 ater,
898 774 949 838 ita
979 787 1018 837 nt
1047 769 1099 838 nil
1130 771 1198 839 nisi
1223 773 1370 864 spatium
1395 779 1416 866 ἦ
1444 772 1530 865 poll.
1564 776 1731 867 supersit,
1761 774 1856 863 quud
1885 799 2050 868 vaporem
2088 775 2336 846 condensatum

632 871 809 956 citandatr
838 889 890 954 ita
901 881 1121 951 uniformem·
1132 886 1266 974 acquiri
1284 881 1548 975 temperaturam
1568 890 1713 954 affirmat
1729 887 1805 974 (*).
1834 889 1893 955 ¹Iu
1914 891 1981 957 hoc
2002 911 2085 976 ergo
2107 891 2336 956 instrumento

633 985 751 1065 resera
775 993 915 1087 quidem
939 989 1088 1060 discreta
1109 1011 1259 1085 estpars
1281 1019 1442 1086 vaporem
1462 999 1635 1089 recipiens
1658 1023 1678 1064 a
1698 998 1956 1068 thermometro.
1989 1001 2228 1069 Veruntamen
2250 996 2327 1084 glo·

632 1108 698 1175 bus
714 1123 875 1174 externus
897 1108 1004 1197 ipsius
1030 1107 1264 1178 tbsrmometri
1287 1105 1429 1199 partem'
1443 1111 1575 1178 efficere
1594 1109 1717 1176 merito
1740 1109 1888 1192 dicitur,
1908 1129 1943 1178 st
1961 1125 2139 1200 praeterea
2161 1133 2329 1201 evapora-

635 1217 685 1285 tio
706 1233 742 1284 et
764 1218 1002 1311 praecipitatio
1019 1219 1057 1283 ln
1081 1218 1202 1288 eodem
1226 1219 1333 1310 plano
1351 1219 1465 1287 locum
1484 1219 1634 1305 habent,
1656 1243 1770 1311 neque
1791 1239 1842 1287 eat
1868 1219 1919 1285 illi
1938 1219 2036 1288 redes
2057 1223 2151 1286 inter
2174 1220 2328 1286 thermo·

633 1344 781 1394 metrum
808 1344 843 1392 et
874 1349 1018 1419 corpus,
1043 1327 1309 1420 praecipitatum
1326 1331 1517 1419 recipiens,
1543 1333 1661 1417 prouti
1682 1334 1719 1400 in
1739 1331 1962 1421 praecedenti
1981 1333 2103 1413 classe,
2125 1331 2172 1396 ita
2194 1346 2232 1396 ut
2252 1331 2332 1413 jure

631 1436 694 1503 blc
715 1437 830 1502 locum
851 1459 998 1530 occupet
1019 1441 1092 1522 ejus
1115 1437 1314 1528 descriptio.

686 1545 832 1637 Reliqua
859 1575 900 1618 ex
929 1549 1155 1639 bygrometrir
1194 1552 1306 1618 citatis
1330 1560 1585 1625 constituuntur
1615 1557 1688 1627 solo
1717 1560 1984 1642 tbermometro,
2020 1558 2123 1642 cnjus.
2147 1552 2250 1618 tubus
2278 1551 2327 1618 ita

631 1675 684 1726 est
709 1662 929 1739 incurratur,
952 1677 992 1728 ut
1018 1659 1144 1730 bulbus
1163 1664 1201 1728 in
1229 1662 1336 1732 ultum
1361 1665 1520 1734 ducatur.
1566 1669 1632 1735 Hic'
1659 1687 1773 1736 autem
1793 1670 1886 1736 varia
1912 1670 2043 1734 radone
2074 1667 2111 1730 in
2136 1664 2218 1730 duas
2238 1685 2328 1752 par-s

631 1788 681 1838 tes
709 1770 836 1838 divinus
870 1787 933 1839 ert.
978 1771 1122 1840 Kn'mer
1154 1773 1367 1862 superiorem
1396 1793 1528 1864 partem
1559 1781 1765 1863 execrabat,
1796 1781 1938 1870 ibique,
1960 1779 2097 1846 retbere
2128 1773 2174 1841 ad
2203 1796 2323 1860 gossy-

629 1887 727 1972 pium
754 1884 882 1966 affuso,
904 1883 1010 1969 frigus
1030 1883 1247 1976 producebat
1269 1882 1352 1971 (†).
1392 1885 1579 1954 Bremeter
1606 1913 1670 1977 per
1697 1889 1866 1956 annulum
1899 1911 2064 1975 cupreum
2092 1887 2239 1954 bulbum
2266 1907 2342 1983 aas

630 1998 799 2084 separarit
829 1997 868 2062 in
900 1996 971 2062 duo
999 1996 1277 2083 hensisphserir,
1308 2009 1456 2084 quorum
1481 1998 1626 2066 inferius
1658 2001 1923 2092 praecipitatum
1951 1997 2147 2082 iudicabat,
2169 1996 2328 2084 superius

630 2128 743 2176 autem
763 2107 1053 2194 refrigerationem
1074 2107 1300 2197 producebat.
1344 2107 1453 2174 Antea
1473 2109 1615 2196 qtridem
1635 2114 1919 2177 thermometrum
1937 2111 2074 2178 solitum
2103 2109 2326 2176 lanceatione

630 2219 757 2288 annulo
782 2222 1002 2288 instruxerat.
1054 2223 1173 2309 Quum
1206 2243 1287 2288 vero
1316 2219 1417 2286 tubua
1449 2219 1745 2310 perpendicularis
1772 2221 1947 2290 difficilem
1983 2221 2148 2290 redderet
2177 2217 2326 2286 aetheris

542 2421 544 2428 y
631 2331 847 2412 allusionem,¹
878 2329 1044 2420 deinceps
1064 2331 1215 2400 'bulbum
1235 2332 1274 2398 in
1298 2328 1406 2398 altum
1429 2329 1528 2398 duxit
1547 2333 1628 2422 (ς).
1672 2331 1832 2400 Tandem
1860 2334 2090 2402 nominandus
2119 2351 2169 2400 est
2194 2331 2321 2412 Jonas,

630 2448 690 2535 qul
715 2444 864 2538 primum
890 2442 1032 2532 quidem
1064 2443 1228 2512 Kd'meri
1254 2441 1456 2512 methodum
1479 2464 1614 2514 secutus
1639 2461 1714 2528 est,
1746 2443 1828 2512 dein
1850 2469 1931 2512 vero
1956 2469 2078 2514 novam
2105 2441 2321 2529 excogitavit

629 2555 886 2628 Thermometri
907 2554 1014 2620 11111111Ι
1032 2553 1085 2621 bia
1109 2552 1153 2621 ad
1182 2555 1342 2640 angulum
1360 2573 1493 2624 rectum
1513 2573 1564 2625 est
1579 2558 1797 2642 incurvatum
1821 2553 1947 2622 bulbus
1966 2553 2195 2646 cylindricus,
2214 2574 2323 2644 supe·

570 2733 572 2740 ,
627 2669 718 2734 riore
742 2662 1077 2764 parteallquomodo
1099 2663 1278 2746 dilatatur,
1302 2669 1515 2737 convexitate
1533 2692 1577 2736 ex
1595 2670 1685 2736 vitro
1706 2667 1805 2755 nigro
1829 2666 2031 2750 instruitur,
2054 2669 2092 2732 in
2112 2691 2180 2756 qna
2198 2666 2321 2730 obser·

627 2796 727 2847 ratur
749 2801 855 2869 vapor
891 2776 1131 2844 condensatur.
1182 2777 1332 2846 Inferior
1355 2777 1506 2870 cylindri
1536 2804 1618 2868 pars
1644 2781 1754 2847 serico
1778 2779 1974 2864 obtegitur,
2006 2779 2098 2866 quod
2129 2775 2323 2857 aetherem,

627 2891 733 2980 frigus
751 2889 1118 2981 efficientem,rccipit
1137 2889 1215 2978 (**).
1248 2891 1301 2957 Ex
1316 2909 1432 2960 mente
1450 2891 1494 2959 el.
1518 2877 1958 2974 Muncle,immutationes
1975 2890 2012 2955 in
2033 2890 2098 2956 hoc
2119 2890 2324 2954 instrumen-

630 3021 665 3071 to
688 3002 885 3070 efficiendae
908 3004 988 3070 sint.
1032 3001 1199 3090 Proponit
1223 3005 1338 3074 enimc
1371 3006 1496 3092 primo
1525 3003 1687 3092 quidem,
1718 3003 1819 3068 semel
1844 3001 1947 3066 modo
1974 3001 2095 3066 tubum
2120 3001 2322 3078 incurvare,

629 3123 675 3180 ‘ta
703 3133 739 3181 ut
759 3112 915 3204 cylinder
935 3114 1135 3200 positionem
1160 3115 1409 3182 lrorinontalem¹
1427 3115 1603 3204 acquirat,
1626 3139 1669 3180 ne
1688 3111 1762 3178 scil.
1786 3133 1892 3199 vapor
1906 3111 2101 3188 aethereus,
2125 3110 2228 3174 altum
2253 3131 2319 3195 pe·

630 3246 722 3306 teus,
747 3243 879 3316 partem
901 3222 1041 3304 afficiat,
1066 3247 1339 3318 qrteevsporcm
1363 3225 1652 3316 bygrometricurn
1670 3221 1878 3300 condensata
1904 3221 1988 3286 dein
2009 3243 2087 3288 vero
2106 3219 2213 3312 ipsam
2232 3219 2321 3283 hanc

604 3385 617 3394 ,.
627 3358 760 3427 partem
789 3361 859 3404 nou
881 3359 923 3404 ex
949 3336 1037 3403 vitro
1062 3338 1162 3422 nigro
1192 3340 1376 3426 separatim
1405 3337 1576 3404 conficere
1603 3353 1743 3425 tumque
1767 3335 1909 3420 jungere
1930 3331 2108 3421 cylindro,
2132 3329 2193 3397 sed
2217 3327 2320 3411 hujus

634 3451 736 3546 lineus
756 3449 934 3544 inaurare,
957 3451 1004 3534 ita
1026 3465 1063 3516 ut
1080 3449 1300 3547 splepdprem
1321 3436 1532 3531 metallicum
1551 3447 1689 3520 referet.
1734 3445 1891 3517 Affirmat
1905 3447 2017 3528 euim,
2040 3443 2193 3510 intimam
2220 3461 2320 3506 com·

578 3605 581 3616 ·
625 3558 837 3630 biuutiouetu
859 3559 1004 3634 duarum
1029 3562 1106 3636 vitri
1128 3562 1320 3665 speeierum
1341 3563 1379 3630 iu
1400 3562 1500 3658 praxi
1521 3552 1706 3628 admodum
1727 3581 1797 3624 esse
1821 3555 1995 3628 molestam
2018 3555 2141 3644 (li-l„

1407 3759 1444 3844 §-
1486 3757 1540 3842 7e
1825 3877 1828 3884 ι

1187 3957 1247 4024 De
1273 3949 1425 4022 Tabulis
1445 3949 1541 4018 doct.
1564 3944 1761 4013 Danieli.

650 4148 800 4230 ,Ultimo
824 4145 902 4216 loco
932 4151 970 4216 in
999 4151 1209 4244 expositione
1243 4169 1359 4216 nostra
1393 4141 1794 4230 Thermohygrometriaa
1820 4133 2006 4204 dicendum
2036 4150 2110 4214 est,
2147 4133 2320 4223 quomodo

628 4263 762 4347 rpperit
790 4260 1033 4350 hynmmeuici
1059 4264 1231 4352 quantitar
1265 4284 1307 4329 ex
1335 4273 1470 4346 puncto
1494 4253 1626 4322 ros-auti
1652 4253 1829 4320 observato
1864 4245 1970 4316 suerit
1998 4246 2159 4314 deducta.
2216 4246 2319 4311 Hanc

819 4389 824 4402 '
2283 4378 2320 4420 ru

652 4527 873 4599 'l'l'BPther
893 4529 993 4590 Edicit.
1013 4531 1114 4592 Journ-
1134 4529 1169 4590 ol
1182 4529 1226 4590 Se
1240 4528 1275 4586 tt.
1294 4528 1356 4593 ear.
1371 4523 1424 4584 tto.
1441 4545 1464 4583 r.
1483 4542 1546 4603 pag.
1559 4521 1593 4576 eo
1620 4519 1693 4577 aeut!
1713 4517 1818 4577 Keras
1836 4519 1867 4576 in
1888 4516 2196 4591 &swam-me,
2216 4511 2315 4570 Jahrb.

627 4623 680 4681 det·
696 4621 791 4680 Cbem.
810 4645 829 4682 u
845 4623 930 4704 Phys.
950 4637 1026 4703 ¹⁸¹9·
1041 4631 1074 4691 Β,
1084 4629 1121 4686 Π,
1138 4645 1161 4686 ⁸,
1173 4632 1239 4704 459,
2094 4651 2098 4660 Ι

663 4725 703 4796 (1
711 4724 722 4794 1
740 4719 815 4779 ertu
833 4724 909 4782 nnn
928 4724 1014 4782 cxx.
1033 4745 1094 4802 μμ
1111 4727 1170 4802 1³,

662 4821 717 4894 (5)
733 4817 835 4876 Edlflh
854 4821 952 4879 1011111.
969 4819 1003 4880 oi
1015 4821 1057 4882 Sc.
1074 4821 1131 4882 No.
1142 4819 1207 4882 tlt.
1223 4810 1296 4898 pa'g'.'
1308 4806 1366 4888 ts).

662 4917 728 4992 l”l
744 4913 818 4979 Phil·
829 4915 930 4976 ,Trana
950 4921 1026 4978 sese.

660 5013 735 5090 (st)
753 5009 873 5074 Geblerr
888 5013 1028 5074 Wbrterb.
1046 5015 1100 5076 le
1124 5032 1179 5094 pag
1203 5015 1266 5068 811.

1740 4781 1891 4826 -·‚.,
