5216 6270
494 589 814 664 nnsronsro
859 602 919 660 rs
963 589 1386 684 Qnausrtornn
1430 591 1738 673 rnrsrcann
1773 568 1792 618 ¹
1923 599 1964 670 u

312 786 344 854 5.
368 779 592 872 llygronsctra
614 797 657 843 ou
684 773 753 842 fllia
772 791 911 870 purte,
931 799 973 846 ax
993 783 1074 844 aero
1095 775 1187 851 sicoo
1207 775 1244 846 ln
1271 775 1454 848 humidam
1476 775 1658 862 trunslttn,
1680 776 1796 852 cubito
1822 776 1959 867 elonga·
2027 743 2029 750 ,

268 895 374 964 tionis
393 891 554 962 affectam
572 887 755 966 indicant,
778 887 822 960 ad
845 907 1016 984 punctum
1031 891 1138 958 lixum
1160 905 1361 968 morentur,
1393 889 1477 960 dein
1497 913 1580 956 vcro
1595 889 1721 958 sensim
1740 892 1959 965 contrabun-

269 1023 348 1092 tur,
362 1007 472 1074 donec
492 1002 632 1072 tandem
650 1001 860 1086 comiatum
876 1003 1103 1095 Hypomotrr
1123 1017 1246 1075 contre
1267 1025 1310 1072 ex
1326 1003 1507 1090 segmentis
1531 1002 1693 1070 continue
1713 1026 1780 1070 una
1797 1000 1961 1072 directio·

478 1143 532 1185 υ·
567 1159 572 1170 ,
1699 1177 1705 1188 .

208 1229 213 1254 ⁸
266 1135 558 1305 midlilldbbtbm
576 1230 717 1298 directis
742 1229 985 1324 experimentis
1002 1249 1101 1298 suam
1121 1229 1288 1324 probust
1308 1229 1493 1314 theoriam.
1518 1253 1560 1302 et
1581 1229 1750 1301 rhschide
1763 1198 1965 1319 'Pluwm

271 1373 311 1416 uc
327 1348 421 1436 liguo
436 1347 585 1414 confecit
600 1361 771 1433 segmento
788 1359 824 1410 ct
841 1341 1039 1422 fesciculos,
1064 1368 1129 1414 nec
1152 1371 1224 1413 non
1241 1371 1406 1416 rasuram.
1448 1347 1510 1416 Illa
1533 1345 1744 1438 hpgrometri
1765 1346 1803 1412 in
1822 1347 1962 1426 modun

270 1457 466 1550 adaptavit,
489 1459 581 1524 hanc
609 1479 691 1528 vero
715 1457 887 1546 appendit
906 1473 1052 1524 staterae
1079 1479 1260 1544 romanus,
1285 1485 1373 1550 quae
1397 1483 1461 1550 per
1482 1458 1632 1526 indicem
1652 1458 1818 1548 ponderis
1841 1461 1961 1527 incre·

272 1587 427 1639 mentum
444 1569 627 1662 indicaret.
671 1574 789 1674 ,llum
810 1594 892 1679 ergo
922 1571 1170 1654 substantiam,
1199 1569 1330 1662 triplici
1359 1573 1491 1642 ratione
1521 1571 1729 1656 conlectam,
1750 1573 1785 1638 in
1809 1597 1962 1662 appara-

273 1673 346 1752 tum
361 1683 521 1768 induxit,
548 1707 651 1774 quem
675 1672 995 1775 primum'siccum,
1027 1677 1110 1748 dein
1130 1678 1312 1750 humidum
1334 1681 1507 1752 reddebat
1536 1709 1601 1774 per
1629 1707 1823 1776 pannorum
1849 1685 1963 1752 madi-

268 1795 397 1866 dorum
421 1799 710 1888 evaporationem.
753 1797 812 1868 Sic
841 1797 946 1883 igitur
968 1795 1179 1884 compararit
1203 1795 1418 1865 incrementa
1446 1795 1643 1886 ponderum
1672 1813 1707 1869 et
1733 1797 1964 1883 voluminum,

273 1908 454 1998 uiditque,
479 1933 586 2002 quum
610 1909 670 1980 illa
700 1909 943 1986 morascabeot
960 1908 1177 1992 etiamnunc,
1190 1906 1376 1996 ,rotunina
1393 1925 1646 1998 segmentornm
1667 1907 1809 1998 quidem
1833 1915 1968 2000 sugeri,

279 2020 521 2090 fasciculorum
542 2047 624 2092 vero
647 2022 805 2090 contrahi
830 2021 908 2110 (t).

314 2135 394 2200 lam
409 2157 493 2202 vcro
515 2134 558 2200 ub
585 2134 691 2202 altero
716 2151 815 2227 parte
842 2156 916 2200 rem
945 2131 1222 2214 considerantes,
1242 2159 1314 2204 non
1336 2158 1422 2226 opus
1449 2138 1518 2224 ¹erit
1538 2151 1644 2207 totam
1671 2133 1895 2208 defendamus
1919 2140 1968 2204 fi-

267 2246 385 2315 lorum
410 2246 573 2328 classem,
596 2272 707 2339 quum
731 2271 772 2324 eo
792 2242 970 2337 proposito
998 2257 1200 2332 argumenta
1228 2242 1288 2310 De
1307 2247 1388 2314 an
1414 2247 1583 2332 tendant,
1601 2263 1641 2314 ut
1663 2270 1746 2316 cum
1766 2248 1965 2346 totahclnsse
2058 2293 2061 2296 ·

274 2359 434 2452 inprimis
459 2357 601 2450 capillus
629 2360 746 2428 eloro
766 2353 1021 2449 bygrometrico
1044 2351 1254 2432 eliminetur.
1296 2356 1375 2422 Erit
1396 2381 1477 2444 ergo
1498 2381 1624 2447 operae
1650 2359 1819 2446 pretium,
1849 2361 1967 2434 videre

274 2495 447 2562 quaenam
471 2473 524 2540 his
547 2472 751 2567 opposuerit
772 2471 817 2538 de
843 2467 1045 2546 Souaaure,
1067 2487 1134 2556 pro
1156 2463 1282 2553 capillo
1299 2467 1492 2538 militantia.
1538 2472 1692 2542 Tantum
1716 2486 1830 2540 autem
1851 2475 1969 2563 abest,

278 2601 319 2650 nt
349 2585 494 2670 abneget
526 2583 610 2650 hnic
631 2579 985 2670 retrogradationem,
1009 2592 1048 2642 nt
1075 2577 1151 2668 ipsc
1180 2578 1299 2665 primis
1321 2581 1391 2664 jum
1415 2579 1480 2648 hec
1501 2579 1546 2646 de
1570 2603 1609 2646 re
1636 2583 1879 2652 tentaminibus
1903 2588 1972 2660 hoe

273 2699 361 2766 vitio
382 2697 618 2764 deterreretur
641 2697 685 2768 sb
706 2695 870 2762 ulteriore
890 2691 994 2777 hujus
1014 2691 1222 2762 substantiae
1244 2689 1460 2762 adhibitione
1493 2689 1573 2780 (u).
1620 2693 1707 2762 Dein
1727 2715 1808 2764 vero
1831 2702 1974 2788 erperi.

277 2811 403 2876 mentis
425 2805 590 2881 edoctus,
620 2805 707 2874 illud
732 2829 805 2875 non
834 2801 950 2894 capilli
980 2822 1120 2871 naturae
1160 2801 1364 2894 adscripsit,
1397 2827 1516 2874 verum
1549 2807 1622 2894 ejus
1664 2808 1882 2906 tractationi,
1909 2813 1972 2884 ubi

269 2943 404 3014 sempe
427 2919 530 2988 nimia
553 2919 661 2987 inerit
688 2915 843 2987 divulsus
866 2933 926 2984 aut
951 2913 1136 2997 distensus.
1178 2918 1269 2987 Hinc
1301 2916 1491 3010 praecipit,
1515 2933 1555 2984 nt
1584 2942 1629 2986 ne
1658 2917 1779 2987 rudius
1800 2926 1971 3015 cumipso

280 3050 417 3121 agatur,
447 3054 534 3100 nere
550 3029 798 3100 libramentum
815 3030 881 3098 trin
899 3053 1004 3116 grans
1031 3029 1187 3098 excedat.
1236 3030 1308 3119 Qui
1331 3053 1412 3098 vero
1430 3030 1545 3120 capilli
1564 3029 1786 3104 nihilominus
1809 3040 1974 3125 majorem

261 3168 385 3236 quam
401 3144 501 3212 unius
528 3141 653 3230 gradus
674 3141 1005 3230 retrogradationem
1029 3146 1231 3236 patiuntur,
1263 3141 1470 3232 rejiciendos
1497 3147 1715 3235 pronuntiat.
1760 3149 1885 3238 Quoad
1909 3155 1972 3224 De

276 3257 382 3342 Luc,
401 3257 524 3326 vitioso
547 3255 644 3330 bunc
667 3281 767 3326 nrum
785 3256 889 3324 fuisse
911 3253 1037 3346 capillo
1057 3256 1239 3325 contendit
1253 3257 1351 3346 (ὅ),
1376 3281 1444 3350 qua
1460 3259 1498 3324 in
1516 3283 1556 3328 re
1578 3260 1849 3331 consentientem
1867 3261 1970 3336 habet

276 3369 511 3438 adversarium
537 3391 654 3444 sunm,
677 3369 738 3458 qui
760 3369 834 3456 ipse
859 3369 1020 3442 allirmnt,
1041 3391 1139 3432 sunm
1158 3369 1427 3432 instrumentum
1448 3367 1549 3434 fuisse
1569 3369 1744 3436 turbatum
1767 3374 1817 3456 (4
1830 3375 1859 3460 ).

312 3480 452 3566 Quodsi
468 3485 504 3546 in
525 3480 592 3546 bac
621 3480 824 3568 opinionum
846 3477 1042 3544 diversitate
1063 3475 1230 3560 judicium
1247 3477 1340 3544 serre
1368 3477 1489 3556 licent,
1513 3482 1699 3566 generatim
1722 3483 1864 3576 quidem
1885 3490 1968 3560 clar.
2024 3567 2027 3574 ¹

275 3592 337 3660 Do
362 3595 443 3660 Luc
464 3588 727 3658 concedendum
748 3605 818 3672 est,
846 3611 912 3679 pro
932 3585 1056 3658 iisdem
1087 3585 1301 3661 humiditatis
1324 3589 1574 3679 quantitatibus
1600 3593 1726 3660 sensim
1755 3592 1970 3668 descrescere

276 3701 393 3790 capilli
413 3703 683 3787 elongationem
707 3725 820 3793 nequa
841 3698 1068 3790 improbabile
1086 3715 1165 3784 est,
1189 3698 1282 3769 illam
1299 3700 1439 3768 tandem
1461 3700 1499 3766 in
1519 3691 1849 3790 retrogradationem
1867 3712 1984 3782 abire.

275 3812 437 3882 Naturnle
459 3814 562 3900 igitur
592 3835 663 3882 esse
690 3812 817 3908 capillo
846 3812 913 3880 hoc
940 3814 1063 3882 vitium
1094 3811 1257 3897 videtur,
1292 3814 1451 3906 inprimis
1482 3837 1589 3906 qnnm
1614 3815 1689 3906 ipse
1717 3821 1761 3886 de
1794 3823 1976 3894 Sauram

274 3925 369 3994 baud
392 3942 507 4012 neget,
543 3949 622 3994 earo
650 3925 745 3994 huno
771 3946 815 3994 so
844 3924 1031 4010 immunem
1058 3949 1141 3996 csse.
1197 3927 1328 3995 Verum
1361 3928 1405 3994 ab
1443 3925 1548 3997 alteru
1575 3945 1675 4018 parte
1708 3929 1831 4000 docuit
1856 3937 1966 4023 idem,

278 4038 451 4130 quomodo
480 4063 576 4108 error
599 4037 680 4106 sutis
706 4036 846 4121 exiguos
873 4035 1063 4113 reddatur,
1092 4054 1131 4106 ut
1151 4038 1276 4126 negligi
1301 4037 1429 4126 possit,
1457 4054 1493 4106 et
1525 4053 1704 4125 praeterea
1727 4041 1826 4111 lucile
1842 4044 1972 4136 digno.

279 4167 424 4220 suuntur
455 4149 570 4239 capilli
603 4149 704 4218 nimis
732 4146 856 4216 vitiosi·
898 4147 976 4218 Non
999 4169 1080 4235 ergo
1109 4148 1175 4222 bac
1204 4148 1249 4218 de
1281 4173 1379 4216 cansa
1410 4173 1525 4220 omnes
1554 4151 1739 4240 rejiciendi
1767 4173 1858 4227 sunt.
1914 4161 1976 4232 llis

279 4279 393 4332 tamen
418 4261 685 4352 praeferendum
710 4257 871 4336 essehoc
897 4277 1060 4372 respectu
1084 4263 1234 4335 sericum
1255 4264 1446 4332 recentiora
1466 4268 1701 4360 experimenta
1720 4270 1927 4365 probarunt.

276 4437 282 4460 ι
321 4379 368 4448 Et
390 4377 475 4448 haec
494 4377 636 4468 quidem
656 4375 826 4450 sufficiant
847 4375 886 4450 in
901 4372 1150 4462 dijudicatione
1172 4377 1393 4450 materiarum
1417 4378 1755 4470 bygroscopicnrum.
1792 4385 1840 4450 Ut
1861 4401 1972 4458 autern

1936 4525 1978 4572 ex

262 4657 268 4671 ⁶
315 4667 368 4741 ir)
387 4667 442 4728 Cli.
460 4669 598 4750 imprimis
616 4669 688 4734 Phss.
706 4673 805 4731 Trono.
820 4689 894 4746 ¹⁷9²·
913 4679 943 4727 et
961 4667 1068 4750 inlrod.
1088 4671 1103 4729 i
1120 4664 1148 4730 la
1160 4667 1249 4754 Phys.
1266 4671 1350 4732 'l'errt
1369 4673 1450 4730 ren.
1468 4669 1507 4730 lt

316 4769 369 4840 (a)
386 4767 453 4828 vid.
478 4759 591 4832 bettres'
609 4775 645 4832 de
662 4773 698 4853 de
715 4775 886 4834 Soatsuree
905 4765 1049 4842 senemr,
1066 4769 1104 4828 cd
1119 4767 1142 4828 il
1158 4767 1248 4826 drmit
1262 4767 1304 4828 les
1323 4768 1447 4846 poue
1463 4777 1495 4827 et
1514 4765 1559 4828 lu
1582 4767 1694 4832 Hatris
1708 4772 1781 4832 d’nn
1799 4772 1978 4856 ὶῃαιὸὲο

268 4858 353 4938 'quit
371 4883 385 4919 u
405 4862 534 4939 imagine
571 4865 604 4921 ln
622 4867 724 4924 llotler
737 4865 918 4928 observ-our
932 4867 961 4926 la
976 4865 1141 4946 ΗηιΙιὶ
1161 4874 1239 4938 mi.
1256 4871 1422 4945 113431..
1538 4917 1545 4926 .
1604 4922 1611 4930 .

236 5024 240 5032 ,
261 4997 265 5006 -
317 4959 367 5033 (t)
386 4957 451 5016 vie
469 4963 771 5040 nuncupemini·
785 4963 879 5027 noran
896 4965 1027 5028 nunna
1042 4965 1157 5030 resena
1171 4964 1214 5032 do
1230 4965 1441 5046 linconen
1457 4966 1475 5031 i
1493 4963 1808 5046 &semilaicum
1828 4989 1858 5050 ¹7
1889 5007 1902 5033 a

224 5063 228 5073 ’
261 5091 267 5104 ·
312 5055 368 5129 (il
385 5055 470 5115 1⁸¹4ss
487 5073 536 5114 Μ
552 5057 581 5114 1⁸
598 5059 797 5141 Meteomlogia
813 5063 896 5126 uon
909 5065 947 5125 11.
964 5063 995 5122 in
1012 5061 1211 5122 additionibus.

1197 5161 1232 5233 G
1251 5183 1273 5234 a
