5202 6268
447 551 775 635 RESPONSIO
811 574 873 632 st>
906 553 1333 651 QUAESTIONEM
1366 559 1667 637 Purstoaru
1853 599 1899 668 99

206 691 398 822 sodomorum
416 744 559 814 liberari
583 755 687 835 atquc
710 740 837 831 ligari,
839 729 921 811 ‘bas'
938 742 1047 831 igitur
1058 739 1219 815 'actiones
1240 764 1312 817 essa
1333 746 1555 839 synchronus.

252 859 516 945 concludimus,
534 861 706 928 neminem
721 858 821 928 eliam
834 860 1087 952 psychrometri
1107 860 1334 948 theoriam,''
1310 883 1351 929 us
1369 863 1550 954 principiis
1572 861 1799 947 contrarium,
1816 867 1890 934 iiu-

196 995 287 1064 3src
307 995 428 1066 posse,
449 973 518 1042 uisi
543 974 604 1066 qui
631 975 799 1061 integrum
817 989 923 1062 neget
952 972 1168 1059 doctrinam,
1206 974 1317 1065 qualis
1338 991 1470 1062 exstat,
1504 976 1547 1046 de
1571 975 1720 1048 celorie'o
1753 976 1892 1052 latenti·

198 1087 259 1155 Ita
274 1086 367 1158 enim
386 1107 427 1157 sa
447 1087 655 1173 cobserent,
676 1101 720 1157 ut
734 1111 805 1158 una
824 1087 1031 1173 dlrumtrr,
1056 1099 1362 1179 supermeneantse
1382 1087 1428 1174 (*
1426 1087 1465 1177 ι.)

981 1285 1014 1368 s·
1058 1283 1116 1370 93·

613 1457 959 1546 Animadversiones
982 1478 1020 1547 in
1041 1485 1251 1572 computum
1272 1475 1316 1544 cl.
1339 1473 1500 1544 Leslis.

244 1670 389 1738 Etiamsi
408 1667 585 1760 principie
615 1669 856 1756 admittamus,
886 1689 929 1737 ex
957 1667 1082 1760 quibus
1111 1666 1221 1758 petitu
1254 1662 1322 1732 fuit
1352 1663 1574 1754 problematis
1609 1671 1720 1739 nostri
1748 1669 1896 1752 solutio,

197 1783 360 1874 quaestio
389 1799 502 1850 tamen
525 1799 705 1872 superest,
727 1797 845 1849 utrum
868 1775 927 1848 illa
949 1781 998 1848 itu
1024 1779 1063 1848 iu
1089 1777 1215 1872 praxin
1237 1775 1380 1846 redacta
1406 1777 1555 1863 fuerint,
1578 1795 1618 1848 ut
1646 1803 1752 1872 scopo
1779 1801 1896 1851 nosue

203 1894 398 1965 satisfieret·
441 1897 598 1989 Speeiaie
615 1919 697 1988 ergo
716 1899 906 1992 requiritur
930 1921 1072 1966 examen
1099 1905 1340 1984 computorum
1361 1903 1397 1955 at
1420 1887 1650 1959 formularum
1665 1893 1896 1982 psychrome·

196 2007 392 2094 tricarum,
414 2031 500 2100 qun
525 2034 568 2080 ex
592 2011 723 2078 theoria
748 1998 1045 2078 cdouei'laaeuus
1065 2011 1276 2076 efficiuntur.
1320 2000 1490 2071 Ordinem
1510 2003 1713 2072 historicum
1739 2027 1896 2096 sequen-

203 2135 276 2204 tes,
305 2121 545 2190 inchoemuss
575 2123 619 2192 cl.
645 2123 781 2204 Leelis.
823 2123 952 2206 Magno
978 2119 1110 2186 honore
1137 2115 1298 2181 habenda
1323 2131 1405 2180 sunt
1427 2115 1501 2201 ejus
1527 2115 1564 2181 iu
1590 2115 1896 2206 psychromctriem
2032 2115 2040 2132 ⁹

197 2231 345 2316 merita,
367 2257 472 2323 quam
491 2231 566 2302 scil.
592 2232 756 2302 fundasse
782 2255 863 2302 rere
890 2226 1031 2298 dicitur.
1075 2231 1155 2316 Ipsa
1179 2243 1291 2294 autem
1308 2225 1554 2314 progrediente
1579 2218 1745 2316 Ph'yaica,
1768 2229 1898 2298 facturn

201 2359 274 2421 est,
304 2359 346 2410 ut
364 2345 498 2420 theoria
522 2347 666 2438 quidem
691 2343 968 2418 innovationibus
997 2341 1193 2436 resisteret,
1228 2337 1468 2408 emendaretur
1497 2359 1579 2405 vero
1607 2354 1643 2404 et
1669 2337 1896 2431 perficeretur

201 2457 350 2524 auctoris
370 2474 561 2546 computus.
606 2459 667 2526 Sic
692 2478 775 2542 ergo
801 2451 933 2542 triplici
959 2453 1094 2520 ratione
1112 2457 1197 2518 'euru
1221 2471 1390 2539 pecare,
1412 2448 1479 2514 suit
1499 2450 1706 2550 probaturus

244 2589 277 2634 1·
298 2567 357 2636 Nil
376 2568 443 2636 nisi
466 2568 547 2638 nori
561 2566 698 2656 vaporis
716 2566 852 2636 formati
876 2561 1265 2663 quantitatendindicat.
1295 2561 1338 2626 Iu
1361 2557 1636 2658 psychromctria
1655 2573 1768 2627 autem
1790 2583 1896 2652 quas·

198 2675 291 2740 ritur
313 2680 489 2765 quantitas
507 2681 642 2764 vaporis
664 2677 921 2764 hygremetrici.
951 2685 1041 2752 Huic
1062 2708 1145 2770 ergo
1163 2703 1235 2749 uon
1255 2675 1389 2744 sufficit.
1433 2670 1545 2740 Causa
1565 2690 1697 2758 autem,
1716 2699 1779 2744 cur
1797 2676 1892 2744 illam

204 2783 439 2873 quaestionem
459 2787 625 2854 intectam
649 2785 863 2875 relinqueret
884 2791 1029 2878 Leslr's,
1060 2794 1231 2883 imprimis
1255 2784 1457 2882 quaerenda
1484 2799 1537 2852 est
1565 2787 1603 2852 iu
1624 2787 1731 2874 ipsius
1754 2787 1892 2854 instru-

200 2897 330 2978 menti,
353 2897 447 2985 quod
478 2883 680 2982 adhiberet,
712 2900 857 2970 ratione.
901 2904 976 2974 Hoc
1003 2906 1097 2976 enim
1127 2903 1179 2974 nil
1208 2904 1276 2972 nisi
1305 2897 1533 2970 differentiam
1563 2897 1893 2989 psychrometricaur

202 3005 384 3086 indicare,
407 3011 477 3094 jam
497 3024 595 3078 antea
615 3011 876 3081 observavimus.

242 3139 277 3185 a.
298 3119 561 3210 Propertionern
580 3117 684 3190 modo
700 3123 875 3216 quandam
898 3130 1035 3218 vaporis
1059 3129 1104 3198 ad
1123 3138 1238 3200 a'erem
1254 3125 1378 3210 docet,
1366 3141 1474 3192 ·nou
1491 3141 1577 3194 vero
1596 3122 1705 3214 ipsius
1727 3122 1780 3192 rel
1799 3123 1893 3194 den·

199 3228 354 3313 ritatem,
376 3231 430 3298 vel
454 3231 700 3302 eleaticitatem.
744 3236 803 3304 Sic
827 3262 909 3328 ergo
937 3240 1070 3311 nullam
1092 3245 1261 3310 rationem
1277 3241 1383 3306 babet
1406 3237 1495 3304 ue'ris
1516 3235 1702 3326 pressioris
1724 3235 1779 3366 rel
1800 3251 1892 3306 tem-

199 3355 404 3428 peretur-ae,
427 3363 514 3430 quac
534 3364 617 3408 sane
637 3344 675 3432 iu
698 3343 765 3414 hoc
785 3352 940 3416 examine
960 3353 998 3416 in
1019 3375 1159 3420 censum
1179 3351 1336 3419 veniunt.

243 3454 277 3520 5.
299 3451 476 3540 Tandem
480 3473 562 3521 vero
581 3451 746 3546 culpandi
768 3473 849 3524 suut
871 3461 1009 3526 termini
1033 3476 1245 3544 constantes,
1271 3477 1356 3548 quos
1378 3453 1551 3528 adhibuit.
1592 3457 1891 3528 tarentinarum

201 3563 320 3646 noris,
344 3565 455 3655 iisque
477 3563 765 3652 accuratioribus,
789 3573 924 3664 excepti
946 3572 1057 3642 fuere.

979 3765 1012 3850 §-
1055 3767 1109 3854 94.
1204 3751 1206 3756 ’

472 3951 532 4018 De
555 3953 732 4039 formulis
759 3953 819 4018 cll.
852 3939 1170 4043 Gay-Lassae,
1202 3953 1407 4039 tvosyee
1436 3951 1620 4036 August.

249 4145 303 4212 Er
329 4145 451 4214 ordine
481 4162 598 4212 nostro
614 4149 684 4230 jam
710 4142 929 4230 dijudicandi
952 4163 1034 4214 sunt
1056 4146 1116 4216 cll.
1142 4141 1410 4234 Gay-Lussac',
1433 4145 1540 4228 Iuory
1562 4159 1597 4211 et
1613 4146 1779 4237 August.
1825 4151 1891 4218 Eos

203 4273 317 4324 autem
345 4257 408 4326 bie
437 4260 688 4344 conjungimus,
712 4282 789 4326 cum
812 4280 928 4326 omues
951 4260 1107 4330 similiter
1135 4261 1299 4328 theoriam
1317 4258 1360 4324 cl.
1379 4257 1499 4326 Leslr‘e
1523 4259 1631 4326 secuti
1655 4260 1809 4346 fuerint,
1834 4268 1890 4332 cui

205 4365 422 4464 applicarunt
439 4374 671 4440 recentiorum
698 4370 894 4440 doctrinam
913 4373 956 4442 de
977 4392 1099 4442 natura
1125 4371 1312 4440 fluidorum
1337 4369 1573 4462 corilus-mium
1591 4388 1628 4442 ct
1649 4377 1810 4464 vaporis,
1832 4377 1892 4446 ills

208 4480 350 4569 quidem
381 4488 512 4556 ratione
537 4487 656 4554 habita
678 4485 764 4554 aeris
786 4486 889 4564 sicci,
914 4486 949 4554 hi
973 4509 1055 4556 vero
1075 4484 1219 4552 humidi.

1780 4657 1784 4666 .
1813 4604 1894 4670 Pri·

244 4772 299 4847 (ι)
319 4769 394 4830 Hinc
415 4774 501 4852 igitur
525 4779 687 4860 opinionem
709 4779 742 4840 d.
763 4784 886 4842 Mursele
910 4781 1032 4840 refutare
1057 4779 1232 4847 studuimus,
1260 4781 1308 4853 qui
1339 4777 1545 4855 psychromctro
1570 4777 1705 4856 applicuit
1727 4779 1893 4859 thermoby·

208 4869 373 4943 grumeuiee
395 4871 539 4940 theoriam.
569 4877 634 4942 viu
651 4897 737 4957 supra
755 4883 770 4956 ς
788 4886 834 4951 δι.
851 4880 881 4937 in
896 4889 972 4940 ncta.

1059 5011 1132 5078 Νι
